1583 2507
122 83 217 128 112,
241 78 468 132 279—298]
651 78 904 117 STJCHVS
1405 88 1446 123 17

121 184 293 234 ripisque
322 189 480 232 superat
509 182 562 220 mi
591 183 709 231 atque
737 181 914 220 abundat
945 182 1082 229 pectus
1112 177 1259 217 laetitia'
1287 191 1431 216 meum.

26 253 101 291 280
120 260 225 285 nunc
246 247 314 285 tibi
336 254 512 295 potestas
532 246 819 296 adipiscundist
839 244 1000 295 gldriam
1022 244 1180 282 laudem
1202 243 1343 281 decus:

120 312 298 361 pr6pera,
330 309 545 355 Pinacium,
576 311 698 359 pedes
727 311 892 353 hortare,
924 309 1090 347 honesta
1118 308 1225 346 dicta
1253 306 1376 352 factis,

120 377 286 425 eraeque
315 374 443 424 egenti
474 375 641 413 subueni
757 374 780 397 *
944 373 968 395 *
1132 372 1156 394 ἕ
1320 371 1343 394 ³¹*

120 452 222 490 quae
243 441 381 477 misera
402 439 442 477 in
461 439 734 489 expectatione
755 437 968 488 Epignomi
989 437 1183 475 aduentus
1203 435 1335 474 uirist:
1405 448 1452 472 10

119 506 282 555 proinde
322 508 364 542 tit
403 505 516 543 decet
555 504 680 542 uirum
718 503 824 541 amat
862 515 975 541 suurn
1012 499 1083 553 [et]
1118 500 1263 550 cupide
1291 500 1446 549 expetit.

228 583 342 616 nunc,
373 569 589 616 Pinacium,

26 643 100 680 285
119 647 191 685 age
232 637 275 672 ut
317 635 457 684 placet,
504 646 614 671 curre
657 633 698 671 1it
741 632 876 670 lubet:
920 644 1016 668 caue
1055 631 1294 679 quemquam
1337 627 1451 665 flocci

23 1031 101 1068 290
123 1028 180 1064 P1.

228 700 386 738 feceris:

119 764 261 803 cubitis
290 765 454 813 depulsa
482 764 531 802 de
561 763 635 810 uia,
666 762 914 810 tranquillam
946 759 1144 798 concinna
1171 758 1286 796 uiam.

120 831 151 868 si
179 832 242 869 rex
273 829 445 879 opstabit
474 829 527 867 &b
557 829 673 875 uiam,
705 840 836 878 regem
866 828 994 876 ipsum
1030 824 1137 875 prius
1167 823 1393 874 peru6rtito.

121 897 193 934 GE.
253 895 454 943 Quidnam
484 893 613 931 dicam
645 892 850 930 Pinacium
870 900 950 930 tarn
980 891 1239 929 lixabundum
1270 889 1451 926 currere?

120 960 378 998 harlindinem
407 960 479 996 fert
509 959 802 1007 spdrtulamque
831 965 870 995 et
898 957 1100 994 hamulum
1130 954 1353 1004 piscarium.
1404 956 1450 991 16

240 1027 306 1064 Set
334 1025 494 1063 tandem
525 1023 647 1072 opino
675 1023 883 1072 aequdmst
913 1034 1019 1059 eram
1054 1019 1149 1057 mihi
1183 1020 1268 1058 e'sse
1302 1018 1449 1069 suppli-

189 1102 191 1104 ’
225 1104 312 1129 cem
342 1091 460 1139 atque
495 1087 615 1140 [eam]

119 1157 290 1196 dratores
320 1157 472 1193 mittere
502 1155 551 1192 ad
583 1167 644 1192 me
674 1154 858 1202 denaque
887 1165 936 1190 ex
964 1164 1059 1190 auro
1089 1152 1127 1190 et
1157 1149 1377 1200 quadrigas,

119 1221 188 1270 qui
215 1221 356 1259 uehar:
386 1233 475 1256 nam
506 1219 674 1268 pedibus
701 1218 755 1256 ire
786 1218 865 1256 nc'm
893 1230 1006 1265 queo.
1039 1229 1131 1266 ergo
1157 1215 1233 1254 iam
1262 1222 1449 1254 reuortar:

119 1287 170 1324 ad
199 1299 262 1324 me
291 1284 388 1323 adiri
417 1293 456 1322 et
485 1284 696 1333 supplicari
726 1283 779 1321 mi
809 1285 964 1333 egomet
994 1294 1163 1331 aequom
1193 1282 1347 1320 censeo.
1401 1294 1449 1318 20

119 1364 169 1388 an
198 1352 291 1389 uero
321 1363 442 1399 nugas
473 1352 633 1388 censeas
662 1348 809 1386 nihilne
840 1361 925 1386 esse
955 1361 1027 1397 ego
1061 1348 1169 1396 quod
1202 1347 1309 1384 minc
1339 1346 1451 1385 scio?

25 1419 100 1458 295
120 1424 272 1453 tantum
302 1415 326 1453 a
353 1423 468 1465 portu
502 1414 668 1463 adportd
707 1413 813 1460 boni,
854 1422 934 1452 tarn
973 1412 1161 1463 gaudium
1199 1413 1347 1462 grande
1385 1412 1448 1451 ad-

226 1482 330 1519 fero:

119 1545 184 1584 uix
212 1547 297 1595 ipsa
326 1545 487 1584 domina
515 1546 603 1591 hoc,
634 1545 666 1583 si
695 1544 802 1590 sciat,
834 1544 1019 1593 ex6ptare
1047 1543 1099 1582 ab
1127 1544 1188 1582 dis
1217 1544 1370 1581 audeat.

120 1624 225 1649 nunc
265 1612 365 1649 ultro
409 1612 484 1647 hoc
531 1611 767 1659 deportem?
813 1610 891 1647 hau
938 1610 1068 1659 placet
1115 1621 1244 1658 neque
1290 1608 1333 1647 id
1379 1607 1451 1646 uiri

227 1675 398 1713 officium
427 1675 601 1713 arbitror.

119 1740 176 1778 sic
195 1742 271 1779 h6c
292 1741 446 1779 uidetur
467 1740 562 1778 mihi
583 1739 706 1789 magis
726 1752 816 1777 meo
837 1738 1049 1777 c6nuenire
1070 1739 1161 1776 huic
1181 1738 1342 1778 nuntio:
1402 1751 1421 1775 2
1428 1749 1449 1788 5

164 1847 232 1875 281.
281 1846 386 1878 pedes
408 1846 551 1873 hortare
596 1842 668 1873 The
695 1842 752 1873 ad-

121 1887 282 1918 monition
299 1893 332 1917 at
349 1887 410 1917 last
428 1886 522 1926 (after
542 1896 573 1915 v.
594 1884 668 1925 287)
693 1885 752 1915 has

119 1930 217 1961 effect
243 1940 280 1960 so
310 1929 357 1959 far
388 1939 422 1959 as
453 1939 473 1959 a
504 1929 565 1959 few
596 1928 753 1969 irregular

121 1980 211 2014 steps
226 1983 279 2013 go,
297 1973 355 2003 but
370 1972 414 2012 by
431 1972 486 2002 the
498 1972 576 2002 time
590 1971 627 2002 of
638 1982 668 2002 v.
692 1980 752 2012 290

123 2016 147 2047 it
164 2017 222 2046 has
239 2017 303 2046 lost
314 2015 355 2046 its
370 2015 512 2055 efficacy.

164 2061 313 2089 honesta
362 2058 433 2089 ‘Do
469 2057 571 2088 credit
606 2062 641 2088 to
673 2066 754 2097 your

121 2101 245 2141 tidings
260 2102 304 2141 by
318 2111 400 2141 your
415 2099 539 2131 deeds.’

165 2148 235 2175 287.
280 2144 375 2175 After
391 2143 455 2174 this
470 2153 562 2174 verse
584 2142 752 2173 Pinacium

122 2197 199 2218 runs
223 2186 340 2227 slowly
362 2186 427 2217 and
455 2186 623 2226 deviously
648 2195 756 2216 across

122 2230 179 2261 the
208 2235 309 2270 stage,
344 2230 404 2260 but
430 2239 511 2260 soon
539 2229 681 2269 changes
706 2228 757 2259 his

122 2273 215 2304 mind
251 2272 317 2303 and
353 2278 445 2313 stops
480 2272 578 2312 again
613 2271 697 2302 until
726 2281 759 2302 v.

234 2353 264 2378 F.
289 2353 321 2378 P.

820 1842 891 1881 308,
908 1841 1006 1872 when
1020 1841 1062 1872 he
1080 1846 1170 1872 turns
1186 1841 1252 1872 and
1268 1840 1454 1880 recognises

819 1885 874 1916 the
890 1885 981 1915 door.

861 1930 931 1958 288.
977 1931 1054 1958 tum
1069 1929 1299 1958 lixabundum
1346 1925 1452 1957 ‘Thus

819 1970 1036 2001 sutler-wise.’
1098 1970 1285 2002 Gelasimus
1327 1969 1452 2000 alludes

819 2013 901 2044 both
924 2019 958 2044 to
981 2013 1037 2044 the
1064 2013 1216 2053 leisurely
1231 2012 1361 2043 aimless
1380 2022 1451 2053 pro-

819 2066 908 2097 gress
930 2056 1039 2087 which
1063 2056 1118 2087 the
1138 2056 1263 2097 glosses
1285 2055 1343 2086 ten
1366 2065 1404 2086 us
1427 2055 1454 2086 is

820 2099 1284 2173 {ggfffiffesscssytss‘t‘bss'g‘ffifsss’
1301 2098 1454 2172 Ἆὲἷέἐῗο

821 2185 971 2225 carrying
989 2195 1079 2216 some
1101 2185 1179 2215 food
1200 2185 1232 2215 in
1259 2151 1315 2215 thfe
1338 2152 1455 2215 baskei':

821 2228 922 2259 about
953 2227 1061 2258 which
1095 2227 1138 2259 he
1171 2227 1318 2269 displays
1348 2227 1452 2258 curio-

820 2272 885 2311 sity
899 2281 931 2302 v.
951 2281 1024 2311 321.

1324 2352 1344 2376 2
