1583 2507
132 68 191 106 IV
215 81 247 115 1,
272 67 500 120 545—562]
671 70 924 108 STICHVS
1414 81 1461 119 35

38 177 109 215 545
133 175 209 210 AN.
271 174 422 210 Deinde
452 186 570 210 senex
599 172 663 210 ille
694 172 748 210 illi
778 173 885 219 dixit,
915 173 1049 222 qubius
1077 180 1158 210 erat
1189 172 1362 219 tibicina,

129 237 241 287 quasi
271 250 343 286 ego
372 250 477 274 nunc
507 236 577 275 tibi
606 237 696 275 dico
717 268 724 276 .
747 267 755 275 .
789 238 857 276 ΡΑ.
918 238 1110 275 Ausculto
1138 244 1257 286 atque
1286 236 1461 274 animum

236 303 403 340 aduorto
433 302 581 340 se'dulo.
1412 317 1461 348 40

129 367 208 403 AN.
269 355 371 415 ‘Ego
402 366 470 404 tibi
501 379 627 404 meam
658 367 778 404 filiam
809 369 909 406 bene
939 368 1098 416 quicum
1129 367 1322 406 cubitares
1350 368 1462 406 dedi:

128 434 235 469 nunc
264 431 359 468 mihi
388 431 497 469 reddi
527 445 599 481 ego
629 434 796 481 aequom
826 446 910 470 esse
937 433 1008 471 abs
1036 440 1073 470 te
1101 433 1259 482 quicum
1287 432 1461 470 cubitem

234 498 402 535 censeo?

127 561 196 599 ΡΑ.
255 561 354 610 Quis
383 560 483 598 istuc
512 560 636 599 dicit?
665 562 715 599 an
744 561 808 599 ille
837 561 949 610 quasi
979 563 1052 599 tu?
1109 563 1187 599 AN.
1235 561 1357 610 Quasi
1386 573 1461 610 ego

233 638 338 663 nunc
368 626 457 664 dico
487 626 566 663 tibi.

33 699 106 737 550
128 691 279 729 “immo
299 692 399 729 duas
419 692 550 729 dabo''
572 692 697 741 inquit
717 692 781 730 ille
801 693 1034 730 adulescens
1058 696 1165 729 “una
1186 693 1217 730 si
1238 698 1428 741 parumst:

125 757 162 794 e‘t
191 755 223 794 si
252 757 416 794 duarum
447 756 695 805 paenitebit’'
725 757 852 806 inquit
887 758 1112 795 “addentiir
1140 757 1278 796 duae.'’
1407 767 1455 806 45

124 821 194 858 PA.
254 821 352 869 Quis
396 821 506 867 istuc,
551 823 729 870 quaeso?
778 835 826 860 an
872 823 936 861 ille
980 824 1090 873 quasi
1131 824 1234 873 ego?
1289 824 1367 860 AN.
1418 823 1460 860 Is

230 886 316 935 ipse
344 886 455 935 quasi
485 895 536 924 tu.
597 884 716 938 [turn]
747 900 865 925 senex

123 953 188 990 ille
216 952 328 1001 quasi
357 965 429 1001 ego
462 953 515 989 ‘si
545 952 625 989 uis'
655 952 780 1001 inquit
813 953 1020 1002 ‘quattuor
1048 955 1141 991 sane
1172 954 1276 999 dato,

123 1018 218 1055 dum
248 1017 406 1067 quidem
436 1018 566 1055 hercle
595 1018 701 1066 quod
732 1017 841 1055 edint
870 1019 1005 1063 addas,
1038 1019 1165 1056 meum
1194 1032 1244 1057 ne
1274 1026 1458 1058 contrun-

231 1084 319 1121 ce'nt
349 1082 504 1120 cibu1n.'

30 1150 102 1188 555
124 1148 192 1184 PA.
243 1146 438 1185 Videlicet
467 1149 628 1196 parcum
657 1146 776 1185 fuisse
804 1146 916 1184 illum
947 1160 1093 1192 senem,
1118 1147 1185 1196 qui
1207 1145 1280 1199 [id]
1303 1148 1455 1195 dixerit,

123 1224 242 1261 quom
273 1212 336 1249 ille
365 1210 420 1248 illi
449 1210 515 1259 qui
545 1211 751 1260 pollicetur
777 1211 862 1249 bum
892 1211 1024 1249 cibum
1055 1212 1292 1261 pop6scerit.
1407 1224 1456 1261 50

122 1278 200 1314 AN.
258 1275 454 1314 Videlicet
493 1277 662 1325 nequam
710 1276 828 1314 fuisse
872 1277 982 1314 illum
1030 1278 1338 1325 adulescentem,
1389 1277 1457 1327 qui

228 1340 329 1386 ilico,

121 1403 189 1442 libi
218 1403 282 1442 ille
310 1405 448 1454 poscit,
480 1404 679 1455 denegarit
708 1406 800 1444 dare
830 1419 870 1444 se
899 1420 1061 1456 granum
1094 1406 1217 1445 tritici.

122 1471 250 1508 hercle
279 1470 347 1520 qui
375 1484 543 1520 aequom
573 1471 798 1520 postulabat
828 1472 892 1509 ille
924 1484 1054 1517 senex,
1085 1473 1408 1521 quandoquidem

29 1540 102 1578 560
120 1535 223 1573 filiae
252 1535 396 1585 *quam
426 1537 587 1574 dederat
616 1537 750 1574 dotem
783 1534 940 1588 [uoluit]
970 1549 1040 1585 pro
1070 1537 1241 1575 tibicina.

120 1601 188 1639 ΡΑ.
250 1601 396 1639 Hercle
425 1601 488 1638 ille
518 1601 678 1650 quidem
708 1602 814 1639 certo
849 1602 1079 1639 adulescens
1120 1602 1237 1640 docte
1271 1604 1453 1640 uorsuttis

226 1666 308 1712 fuit,
1403 1678 1449 1716 55

120 1732 186 1782 qui
214 1731 298 1770 seni
326 1731 381 1769 illi
410 1731 673 1770 concubinam
703 1732 795 1769 dare
824 1732 1003 1769 dotatam
1034 1731 1169 1768 noluit.

161 1882 230 1909 555.
269 1880 435 1908 Videlicet
465 1877 537 1907 The
553 1877 674 1908 second
688 1877 749 1917 syl-

117 1920 204 1952 lable
221 1921 247 1952 is
263 1920 406 1952 scanned
422 1920 523 1951 short.
570 1920 615 1951 So
632 1919 700 1950 also
717 1921 749 1950 in

117 1974 148 1995 v.
171 1973 242 2004 557.
289 1964 379 1994 Note
396 1963 464 1993 that
482 1963 506 1993 it
522 1963 548 1993 is
564 1973 583 1993 a
601 1963 690 1993 verb.

160 2010 230 2038 556.
262 2009 323 2043 qui
337 2008 523 2043 pomcetur
552 2006 597 2037 So
610 2006 746 2036 Ritschl.

120 2057 197 2080 MSS.
247 2055 426 2089 transpose.
454 2063 471 2078 ,>
502 2057 582 2079 eum
633 2051 747 2079 eibum

118 2092 251 2123 Double
283 2092 478 2129 accusative,
514 2092 567 2121 illi
595 2092 660 2122 and
690 2094 748 2133 qui

118 2136 218 2175 being
232 2135 412 2174 effectively
429 2135 631 2175 transposed.

160 2182 228 2209 559.
276 2180 337 2208 ifle
367 2186 472 2208 senex
518 2178 748 2217 Exclamatory

118 2220 305 2262 opposition
318 2221 397 2251 with
414 2221 467 2250 ille
483 2221 515 2250 in
529 2221 583 2251 the
596 2221 747 2261 previous

117 2263 194 2294 line.
233 2263 280 2295 Of
291 2274 404 2294 course
420 2264 479 2304 qui
492 2263 520 2294 is
535 2264 590 2294 the
603 2263 746 2295 relative.

821 1876 948 1907 Ritschl
966 1877 1148 1915 needlessly
1164 1876 1262 1906 alters
1278 1876 1380 1906 hercle
1393 1876 1454 1916 qui

820 1927 853 1950 to
869 1920 952 1960 quin
968 1920 1070 1949 hercle
1086 1919 1164 1949 with
1181 1919 1315 1950 inferior
1330 1929 1432 1949 sense.

861 1966 929 1993 560.
978 1970 1055 1993 MSS.
1074 1962 1173 2002 filiae
1209 1963 1287 1992 illae
1324 1962 1453 1992 dederat

818 2006 918 2036 dalem
939 2006 1075 2046 accipere
1090 2011 1154 2046 pro
1176 2005 1322 2035 tibicina.
1376 2006 1450 2035 Pro-

819 2049 916 2088 bably
932 2049 1006 2079 illae
1022 2049 1048 2078 is
1064 2059 1082 2078 a
1098 2048 1232 2088 slightly
1248 2048 1372 2078 altered
1390 2048 1451 2078 dit-

817 2092 957 2132 tograph
988 2091 1052 2121 and
1076 2093 1211 2131 accipe’re
1235 2102 1277 2122 an
1302 2091 1451 2131 incorpo-

817 2135 907 2165 rated
934 2135 1022 2175 gloss
1044 2134 1152 2164 which
1175 2134 1234 2165 has
1257 2134 1372 2165 ousted
1396 2134 1453 2164 the

816 2177 976 2219 principal
992 2178 1083 2207 verb.

858 2224 926 2259 561,
946 2224 1016 2251 562.
1062 2220 1154 2251 Note
1172 2219 1227 2250 the
1244 2219 1370 2259 rhyme.

1239 2345 1340 2381 3—-2
