1583 2507
158 111 203 134 [ο
692 98 947 136 STJCHVS
1157 96 1192 149 [Ι
1218 111 1249 143 2,
1277 110 1484 153 144—154

155 201 222 237 ΡΑ.
283 198 502 245 Probiores,
535 200 664 244 credo,
694 199 948 246 arbitrabunt‚
980 200 1012 237 si
1041 199 1175 248 probis
1204 199 1426 238 narraueris.

63 270 134 307 145
156 266 234 301 AN.
295 264 438 302 Curate
458 263 573 313 igitur
592 263 818 302 familiarem
840 266 920 303 re'rn
942 272 983 301 ut
1004 264 1167 313 potestis
1188 265 1360 313 optume.

155 329 229 365 PH.
290 328 408 365 Nunc
437 329 566 377 places
597 341 719 376 quom
747 330 851 366 re'cte
872 338 1091 366 monstras:
1120 331 1227 367 minc
1247 329 1316 367 tibi
1337 331 1472 367 auscul

262 391 441 430 tabimus.

155 459 272 503 nunc,
315 469 433 504 soror,
473 458 660 495 abeamus
693 456 803 495 intro.
877 459 944 495 ΡΑ.
1006 446 1135 495 I'mmo
1165 457 1389 495 interuisam
1420 459 1487 495 do-

263 534 382 559 mum.
1435 535 1485 572 90

156 585 188 623 si
217 585 267 624 ab
298 585 380 623 uiro
411 585 481 623 tibi
511 587 608 624 forte
638 586 770 624 ueniet
799 586 968 632 mintius,
1000 587 1116 624 facito
1146 589 1188 623 fit
1218 586 1348 623 sciam.

156 653 231 689 PH.
292 651 433 700 Ne‘que
474 664 548 700 ego
593 659 632 689 te
671 650 810 689 celabo
849 664 978 699 neque
1017 658 1057 688 tu
1092 652 1154 689 rue':
1188 650 1344 688 celassis
1378 650 1487 697 quod

264 715 372 753 scias.

65 784 137 821 150
156 781 231 819 eho
263 780 502 825 Crocotium,
524 781 546 825 i,
570 779 783 828 parasitum
805 778 1047 817 Gelasimum
1068 779 1144 815 huc
1165 777 1370 816 arcessito:

157 846 285 882 tecum
315 844 478 881 adduce.
539 844 629 880 nam
659 843 767 880 illum
789 850 940 880 ecastor
960 843 1110 880 mittere
1132 843 1181 880 ad
1207 846 1361 891 portum
1381 832 1485 887 uolo,

159 911 292 958 siquae
322 911 419 947 forte
450 923 497 946 ex
526 898 622 946 Asia
650 909 761 946 nauis
790 908 872 946 he'ri
902 921 948 945 eo
978 915 1045 945 aut
1074 908 1190 945 hodie
1219 907 1379 945 uenerit.
1437 920 1485 957 95

159 975 248 1012 nam
280 974 362 1012 dies
393 975 495 1012 toto‘s
525 982 617 1022 aput
647 982 804 1022 portum
835 975 967 1011 se'ruos
996 985 1097 1010 unus
1126 973 1304 1010 adsidet:

160 1041 216 1078 se't
245 1047 378 1076 tamen
408 1040 500 1076 uolo
530 1038 714 1076 interuisi.
775 1039 940 1087 propera
968 1045 1085 1086 atque
1115 1038 1289 1074 actutum
1319 1036 1411 1075 redi.

203 1161 272 1188 144.
343 1158 521 1187 Probiores
567 1157 792 1186 arbitrabunt

166 1201 258 1241 ‘they
282 1200 350 1230 will
378 1199 473 1229 think
498 1209 536 1229 us
558 1209 649 1229 more
673 1199 790 1228 honor-

161 1243 249 1274 able⁷
276 1242 368 1283 (than
393 1242 421 1272 if
447 1252 495 1272 we
527 1241 607 1272 took
632 1252 712 1282 your
736 1242 790 1271 ad-

862 1155 1061 1196 Paniphila’s
1077 1165 1152 1186 own
1167 1154 1276 1186 home.

903 1202 971 1229 149.
1005 1206 1117 1235 neque
1133 1200 1274 1229 celassis
1309 1198 1376 1229 For
1391 1210 1492 1240 neque

867 1246 933 1272 :ct
947 1252 986 1272 ne
1000 1241 1032 1271 in
1049 1252 1067 1271 a
1085 1241 1285 1282 prohibition
1302 1241 1408 1273 Lewis
1423 1242 1489 1273 and

161 1285 254 1325 vice).
863 1284 962 1315 Short
994 1285 1070 1323 only
1102 1284 1165 1315 cite
1197 1284 1290 1324 Livy.
1339 1285 1404 1315 For
1433 1285 1488 1316 old

205 1334 273 1360 145.
321 1328 416 1360 After
437 1328 502 1359 this
522 1338 613 1359 verse
635 1328 699 1359 exit
722 1328 791 1358 An·
863 1328 920 1358 sut.
938 1328 972 1358 in
990 1339 1034 1358 -50
1050 1338 1104 1358 see
1123 1338 1172 1366 71.

162 1373 266 1414 tipho.
904 1374 973 1401 150.
1008 1371 1057 1401 As
1073 1381 1153 1401 soon
1169 1381 1203 1401 as
1221 1370 1394 1412 Pamphila
1409 1381 1488 1411 goes

206 1419 275 1446 147.
315 1423 411 1445 soror
434 1414 501 1445 For
515 1413 571 1444 the
587 1413 792 1454 longultima
861 1413 915 1444 off.
942 1413 1136 1444 Philumena
1171 1414 1249 1445 calls
1281 1414 1482 1449 Crocotium,

162 1460 201 1490 cs.
223 1469 274 1489 vv.
300 1469 326 1498 7,
350 1469 418 1497 140,
437 1468 531 1487 uxor.

205 1505 299 1532 intro
339 1501 507 1532 Followed
526 1500 569 1540 by
584 1500 692 1530 hiatus
713 1499 791 1530 with

162 1555 183 1576 a
215 1545 340 1586 change
373 1544 411 1576 of
443 1544 607 1585 speakers.
655 1545 792 1574 domum

861 1456 935 1486 who
966 1461 999 1487 at
1030 1467 1112 1488 once
1142 1467 1251 1488 comes
1281 1464 1338 1488 out
1367 1457 1405 1487 of
1431 1457 1487 1488 the

860 1500 972 1531 house.
