1583 2507
161 72 210 106 24
712 61 825 99 PLA
841 62 939 99 VT]
1133 60 1193 114 [ΙΙ
1215 76 1249 111 3,
1274 65 1482 112 384—397

158 159 233 198 iam
264 174 341 200 non
372 161 511 200 faciam
541 163 790 201 auctionem:
829 163 881 201 mi
910 163 1048 213 6ptigit
1078 164 1280 204 hereditas.
1433 168 1485 203 60

66 227 138 264 385
158 226 340 263 maleuoli
370 227 647 276 perquisitores
675 228 901 266 auctionum
933 229 1125 278 perierint.

159 292 362 338 Hercules,
393 292 599 329 decumam
639 294 724 331 esse
764 294 969 331 adauctam
1012 295 1081 331 tibi
1122 307 1240 343 quam
1277 293 1371 333 uoui
1404 295 1486 344 gra-

263 357 374 393 tulor.

157 416 280 472 [spes]
310 427 367 457 est
396 422 556 458 tandem
586 421 799 470 aliquando
825 422 1075 470 inportunam
1102 422 1255 471 exigere
1282 436 1330 460 ex
1355 420 1484 475 [utero

264 483 435 537 famem]

157 550 215 587 P1.
274 550 392 587 Poste
434 558 565 588 autem
604 551 762 588 aduexit
801 550 989 600 parasitos
1030 552 1161 590 secum
1190 579 1230 590 ..
1263 552 1337 590 GE.
1389 552 1483 600 Hei,

264 614 361 663 perii
389 614 514 652 miser.

157 679 215 716 Pi.
276 678 613 717 Ridiculissumos.
686 681 759 718 GE.
820 681 1037 718 Reuorram
1085 681 1213 719 hercle
1259 681 1337 721 hoc
1374 683 1483 731 quod

264 743 444 781 conuorri
472 745 604 782 modo.
1433 747 1486 794 64

65 807 139 844 390
157 808 315 845 uenales
344 808 422 857 logi
451 816 541 846 sunt
570 808 623 846 illi
653 809 751 858 quos
781 810 974 858 negabam
1003 811 1184 849 uendere.
1435 814 1486 850 68

156 872 286 910 ilicet:
317 873 395 910 iarn
424 874 502 911 mbo
531 874 671 911 malost
701 874 809 923 quod
839 875 1118 913 maleuolentes
1147 877 1355 926 gaudeant.
1432 880 1484 926 69

161 938 362 984 Hercules,
395 938 461 987 qui
491 939 586 977 de'us
617 939 680 986 sis,
711 952 803 977 sane
833 940 1042 978 discessisti
1071 942 1151 979 non
1183 942 1294 980 bene.
1435 954 1485 990 70

158 1005 233 1042 PH.
291 1003 463 1042 Vidistin
505 1003 631 1042 uirum
673 1004 813 1043 sororis
852 1006 1203 1055 Pamphilippum?
1257 1008 1316 1045 ΡΙ.
1376 1008 1482 1046 Non.

266 1070 340 1107 PH.
401 1070 491 1107 Non
523 1070 663 1108 adest?
1438 1071 1485 1120 65

158 1135 217 1173 Pi.
277 1123 407 1172 I'mmo
455 1134 609 1172 uenisse
655 1135 739 1172 ἑιιιῃ
787 1134 917 1173 simitu
963 1135 1120 1174 aiebant
1166 1135 1246 1176 illi:
1292 1149 1366 1186 ego
1403 1136 1483 1174 huc

266 1207 365 1237 eitus
1437 1203 1488 1239 66

67 1266 140 1304 395
158 1265 415 1314 praecucurri,
447 1273 489 1303 ut
518 1265 737 1303 nuntiarem
767 1265 947 1304 nuntium
976 1266 1251 1315 exoptabilem.
1435 1267 1484 1315 67

158 1332 233 1369 PH.
294 1331 311 1367 I
356 1331 467 1378 intro,
513 1331 728 1377 Pinacium,
770 1331 859 1368 iube
899 1332 1064 1368 famulos
1102 1332 1182 1369 rem
1221 1330 1395 1369 diuinam
1432 1329 1486 1367 mi

267 1396 466 1445 adparent.
1439 1407 1483 1442 7Ῑ

158 1461 260 1500 bene
288 1462 385 1499 uale.
456 1462 530 1499 GE.
587 1461 665 1499 Vin
694 1461 990 1500 administrem?
1058 1463 1132 1499 PH.
1191 1461 1256 1499 Sat
1285 1473 1485 1499 seruorum

267 1526 396 1564 habeo
426 1526 545 1564 dorni.

205 1653 274 1681 384.
319 1651 447 1680 faciam
499 1649 525 1679 B
567 1648 661 1679 reads
687 1646 791 1689 facio.
858 1648 902 1689 by
919 1647 961 1677 A.
1009 1646 1137 1678 Ritschl
1153 1645 1339 1687 completed
1354 1645 1390 1677 it.

163 1692 291 1724 Ritschl
314 1693 441 1732 adopts,
462 1691 619 1732 inserting
639 1702 691 1731 ego
712 1691 794 1722 after
903 1694 972 1721 392.
1012 1693 1072 1727 qui
1083 1693 1167 1720 deus
1177 1693 1225 1720 sis
1253 1688 1490 1728 ‘Considering

162 1737 228 1766 iam
254 1741 288 1766 to
310 1736 407 1766 avoid
433 1735 550 1766 hiatus.
601 1735 672 1765 The
700 1744 792 1764 verse
860 1733 930 1764 that
947 1733 1026 1764 thou
1045 1738 1094 1764 art
1110 1732 1232 1773 agod.'

162 1779 260 1810 refers
286 1784 321 1810 to
349 1789 402 1808 vv.
438 1787 615 1819 195—235.
662 1779 793 1814 optigit
903 1780 972 1807 393.
1018 1777 1297 1813 Pamphfflppum
1345 1775 1434 1805 Here
1458 1775 1490 1806 A

163 1822 253 1853 Note
279 1820 440 1852 retention
464 1821 501 1852 of
519 1821 608 1861 early
622 1820 736 1860 length
761 1819 797 1850 of
859 1819 953 1850 reads
980 1819 1193 1859 Pamphilum
1225 1828 1290 1848 non
1320 1817 1490 1853 nonadesl;

162 1865 218 1896 the
232 1865 358 1902 ultima,
378 1874 413 1895 as
429 1864 518 1895 often
534 1864 567 1894 in
587 1864 719 1894 Plautus
737 1862 787 1903 (cf.
860 1863 917 1893 but
934 1861 1109 1893 elsewhere
1124 1861 1215 1902 gives
1226 1860 1484 1902 Pamphilippus.

166 1909 257 1948 Capt.
274 1917 294 1949 9
310 1906 484 1946 uendidit),
501 1913 532 1938 at
553 1908 633 1938 least
649 1906 743 1936 twice
759 1906 792 1936 in
859 1904 969 1936 There
985 1905 1011 1936 is
1026 1916 1044 1935 a
1057 1904 1193 1944 syllable
1205 1908 1261 1935 too
1273 1903 1370 1934 much
1382 1902 1491 1933 unless

162 1951 319 1989 Terence,
339 1950 487 1982 Catullus
511 1949 562 1989 64.
583 1960 622 1981 20
638 1949 789 1988 despexit,
859 1947 947 1989 -ipp-
978 1948 1005 1979 is
1035 1954 1069 1978 to
1098 1949 1136 1977 be
1161 1947 1302 1977 scanned
1335 1946 1423 1976 short
1455 1946 1489 1976 in

161 1993 421 2034 Vei-g.Georg.2.
434 2003 490 2024 211
504 1993 638 2024 enituit.
664 1991 791 2023 Ritschl
859 1991 942 2031 spite
959 1990 997 2021 of
1014 1990 1068 2021 the
1085 1995 1209 2025 accent,
1231 2000 1265 2020 as
1285 1991 1318 2019 in
1340 1989 1394 2019 the
1414 1988 1489 2019 coin

161 2038 255 2069 reads
271 2037 384 2078 optigit
400 2036 453 2067 mi.
861 2034 1034 2074 Pln‘lzppus
1049 2033 1149 2070 often,
1169 2032 1210 2063 cf.
1225 2032 1342 2062 Bacch.
1358 2043 1389 2071 4.
1406 2041 1432 2062 1.
1453 2032 1491 2061 18

206 2083 275 2111 386.
308 2087 383 2110 esse
394 2081 581 2110 adauctam
605 2078 696 2108 ‘Has
708 2077 792 2108 been
860 2077 914 2107 uel
939 2081 978 2106 ut
1004 2076 1152 2107 ducentos
1180 2075 1348 2114 Philippos
1377 2074 1490 2105 reddat

163 2121 352 2154 increased.'
399 2122 471 2152 The
487 2132 577 2152 verse
593 2121 690 2152 refers
706 2126 740 2151 to
755 2130 786 2151 v.
857 2129 981 2150 aureos.

162 2176 179 2198 2
184 2176 233 2207 34.
902 2165 970 2193 397.
1011 2163 1098 2192 bene
1107 2163 1187 2191 uaAEe
1219 2159 1412 2191 Philumena
1423 2158 1488 2189 dis·

204 2211 272 2240 387.
321 2207 403 2238 This
432 2217 525 2238 verse
554 2206 581 2237 is
611 2205 689 2247 only
720 2215 791 2245 pre·
856 2205 971 2235 misses
986 2204 1042 2235 the
1057 2206 1208 2244 parasite.

160 2251 274 2284 sewed
298 2250 345 2290 (in
370 2261 390 2282 a
416 2249 586 2281 mutilated
609 2249 789 2286 condition)
