1583 2507
153 87 177 125 6
703 88 816 124 PLA
831 88 929 125 VT]
1207 90 1243 141 [Ι
1268 103 1300 137 2,
1324 93 1476 141 76—92

154 192 282 227 utrum
303 202 376 238 ego
396 191 611 239 perplexim
633 190 821 228 lacessam
843 189 1017 229 oretione
1037 192 1088 229 ad
1106 192 1212 229 hunc
1232 194 1407 240 modum,
1433 196 1478 232 18

153 253 264 302 quasi
294 267 508 303 numquam
539 255 750 304 quicquam
779 257 880 294 adeo
909 255 1152 303 adsimulem,
1184 271 1233 295 an
1254 259 1365 307 quasi
1385 260 1480 308 quid

259 319 546 357 indaudiuerim
1433 337 1479 372 19

154 384 214 422 bas
243 382 281 421 in
313 397 353 422 se
383 385 569 422 meruisse
598 385 779 433 culpam:
808 385 937 434 p6tius
966 393 1154 434 temptem
1183 386 1321 425 leniter
1432 401 1480 425 20

154 449 204 486 an
234 448 446 486 minaciter.
498 451 576 486 scio
603 449 680 487 litis
709 450 813 489 fere:
845 463 917 500 ego
946 464 1047 489 meas
1076 451 1169 489 noui
1199 452 1372 500 6ptume.
1433 466 1476 490 21

86 517 136 555 80
155 514 187 550 si
215 525 375 550 manere
403 512 466 550 hic
496 515 580 551 sese
609 513 747 552 malint
776 514 907 562 petius
937 527 1054 563 quam
1083 514 1160 552 alio
1190 516 1348 562 nubere,
1435 529 1480 565 13

155 577 299 616 faciant
316 592 324 615 ε
350 577 445 627 quid
466 578 561 615 mihi
582 582 698 627 opust
715 579 881 617 decurso
901 579 1038 618 aetatis
1058 580 1184 629 spatio
1204 584 1294 618 cum
1315 581 1411 619 meis
1435 595 1482 628 14

155 644 287 692 gerere
325 644 483 689 bellum,
520 644 639 692 quem
670 643 724 680 nil
754 645 1008 692 quamobrem
1047 644 1087 683 id
1117 646 1255 683 faciam
1298 646 1481 685 meruisse

262 707 452 745 Arbitror?
1435 725 1479 761 15

156 772 355 809 minume:
399 773 492 809 nolo
527 773 669 810 turbas.
721 780 778 810 set
815 774 891 811 hoc
933 773 1026 810 mihi
1060 774 1266 823 6ptumum
1299 776 1402 813 factu
1430 776 1484 813 έπ-

265 836 406 876 bitror:
959 869 973 884 ,
1437 843 1481 878 16

158 902 213 940 sic
242 901 405 941 faciam:
448 902 696 940 adsimulabo
731 903 840 952 quasi
875 916 993 952 quam
1027 904 1184 952 culpam
1218 903 1258 942 in
1296 917 1380 943 sese
1419 906 1483 943 ad-

266 965 450 1003 miserint.
1436 981 1481 1018 27

90 1034 139 1071 85
160 1030 470 1080 perplexabiliter
498 1044 629 1068 earum
660 1031 779 1069 hodie
808 1032 1120 1080 perpauefaciam
1149 1034 1333 1082 pectora:

160 1094 251 1143 pest
270 1094 310 1131 id
332 1093 444 1143 igitur
465 1094 606 1132 deinde
626 1102 667 1132 ut
687 1096 838 1133 animus
860 1097 969 1134 meus
989 1103 1058 1142 est,
1080 1096 1119 1133 id
1139 1097 1276 1134 facia'm
1297 1098 1436 1146 palam.

160 1160 282 1196 multa
303 1160 382 1197 scio
401 1159 584 1197 faciunda
604 1161 746 1197 uerba:
777 1160 841 1198 ibo
862 1161 974 1199 intro.
1024 1169 1081 1199 set
1101 1163 1270 1210 apertast
1290 1163 1388 1200 foris.
1437 1177 1485 1211 30

159 1226 235 1263 PH.
278 1225 396 1263 Certo
427 1225 530 1263 enim
561 1225 655 1262 mihi
684 1227 867 1274 paternae
896 1226 1004 1263 uocis
1031 1226 1180 1264 s6nitus
1207 1229 1308 1265 auris
1333 1227 1483 1265 accidit.

160 1289 230 1326 PA.
282 1278 321 1327 I's
365 1296 423 1328 est
464 1297 638 1328 ecastor:
679 1291 775 1328 serre
809 1291 1021 1328 aduorsum
1059 1291 1208 1328 homini
1247 1292 1486 1341 eccupemus

268 1354 455 1391 esculum.

95 1419 143 1456 90
163 1419 236 1456 PH.
295 1419 422 1465 Same,
455 1418 508 1456 mi
538 1428 657 1468 pater.
716 1421 795 1456 AN.
855 1408 905 1457 Et
941 1433 1012 1457 uos
1050 1421 1200 1457 ambae.
1259 1419 1348 1458 ilico
1387 1420 1487 1470 agite

268 1482 481 1521 abscedite.

162 1547 237 1583 PH.
288 1534 488 1585 Osculum.
549 1549 624 1585 AN.
684 1547 751 1585 Sat
798 1553 856 1584 est
902 1546 1022 1585 &sculi
1077 1547 1171 1584 mihi
1218 1547 1349 1585 uestri.
1412 1549 1483 1586 PH.

271 1610 361 1658 Qui,
393 1611 545 1656 amabe),
578 1613 718 1659 pater?

163 1675 242 1712 AN.
301 1676 405 1724 Quia
433 1674 488 1713 ita
516 1688 628 1713 meae
656 1674 809 1713 animae
839 1675 983 1712 salsura
1013 1674 1151 1713 euenit.
1210 1677 1279 1713 PA.
1337 1675 1487 1714 Adside

270 1739 344 1785 hic,
376 1747 496 1788 pater.
1438 1751 1485 1789 35

208 1897 256 1926 77.
305 1896 392 1924 adeo
437 1894 489 1924 To
515 1893 558 1924 be
585 1894 684 1924 taken
715 1893 795 1924 with
864 1903 899 1924 as
919 1893 1044 1924 anasal
1066 1900 1194 1932 sonant,
1213 1893 1254 1925 cf.
1277 1895 1363 1924 eni'm
1386 1893 1490 1924 nimis

165 1947 358 1978 numquam,
410 1937 467 1977 ‘by
506 1947 549 1967 no
588 1946 724 1967 manner
763 1936 800 1967 of
864 1947 895 1966 v.
927 1935 979 1977 96,
1010 1936 1074 1966 and
1101 1946 1132 1967 v.
1164 1946 1235 1977 31²·
1284 1937 1323 1967 In
1356 1936 1489 1967 Plautus

165 1979 302 2017 means,'
320 1979 359 2010 cf.
380 1990 410 2009 v.
433 1989 503 2010 212.
863 1981 948 2009 enim
980 1980 1006 2010 is
1038 1979 1127 2010 often
1158 1979 1409 2018 corroborative,
1436 1989 1489 2011 see

209 2022 299 2053 Note
316 2022 515 2053 alliteration
529 2021 624 2062 ofqu,
637 2022 735 2052 dand
750 2032 790 2052 m.
864 2032 915 2052 vv.
937 2031 987 2063 97,
1009 2021 1081 2053 600.

209 2069 257 2096 83.
303 2067 367 2096 hoc
392 2065 607 2095 Pronounced
624 2075 690 2095 asa
706 2065 796 2095 short
906 2067 1002 2095 auris
1037 2065 1152 2096 Cicero
1176 2065 1239 2095 and
1263 2064 1346 2104 Livy
1369 2075 1426 2096 use
1448 2065 1493 2095 ad

164 2108 314 2149 syllable,
334 2108 374 2138 cf.
392 2108 490 2138 hodie.
865 2108 960 2137 auris
997 2107 1078 2138 aster
1114 2108 1261 2145 accidere,
1302 2108 1385 2149 Livy
1422 2108 1491 2138 also

211 2154 260 2181 84.
306 2153 345 2181 in
357 2151 484 2181 Ritschl
496 2150 577 2181 after
590 2151 620 2180 A
637 2150 730 2181 reads
742 2149 795 2180 ad.
864 2150 1011 2180 auribus.

210 2197 259 2224 88.
307 2193 502 2224 Philumena
521 2193 586 2223 and
607 2193 683 2224 then
702 2193 796 2223 Parn-
908 2196 957 2223 89.
1016 2195 1049 2223 Is
1080 2195 1134 2223 est
1186 2193 1399 2223 Pronounced
1439 2194 1490 2223 ist.

167 2236 259 2278 phila
281 2246 403 2277 appear
425 2242 457 2266 at
480 2236 621 2266 window
644 2246 681 2266 or
703 2236 795 2266 door.
867 2236 961 2266 After
984 2236 1048 2266 this
1070 2245 1161 2266 verse
1186 2235 1241 2265 the
1266 2235 1375 2267 sisters
1399 2246 1492 2267 come

209 2280 304 2309 enim
328 2279 472 2320 Perhaps
485 2281 529 2309 ἴυι
543 2279 570 2309 is
586 2278 797 2320 pronounced
866 2284 922 2309 out
939 2284 972 2309 to
987 2284 1077 2319 greet
1094 2278 1176 2308 their
1193 2278 1305 2310 father.
