1583 2507
144 66 204 103 IV
226 78 258 111 2,
282 61 509 115 610-623]

143 236 210 272 ΡΑ.

248 298 347 337 licet.

679 64 780 101 ST]
781 63 865 101 CH
871 63 935 101 VS
1422 74 1473 111 39

49 175 122 212 610
142 168 173 206 si
201 169 332 207 hercle
361 167 470 215 faxis,
501 167 581 206 non
612 167 754 216 opinor
782 167 890 205 dices
919 167 1133 214 deceptam
1164 167 1255 204 fore.
1423 178 1474 214 30

270 234 343 271 Per
371 234 472 270 hanc
500 231 572 270 tibi
601 244 742 270 cenam
771 231 967 278 incenato,
1000 230 1210 277 Geilasime,
1243 242 1327 268 esse
1355 229 1474 268 hodie

142 366 217 404 GE.
268 352 402 401 I'bisne
431 363 480 401 ad
510 363 648 400 cenam
678 362 808 400 foras?
865 363 935 399 ΡΑ.
986 363 1095 410 Aput
1122 361 1276 398 fratrem
1306 372 1406 399 ceno
1435 359 1474 398 in

249 428 451 477 proxumo.

144 494 218 531 GE.
277 493 554 531 Certumnest?
611 493 678 529 ΡΑ.

731 492 900 530 Certum.

250 557 378 607 lapide
408 559 636 606 pereussnm
668 556 797 593 uelim.

963 493 1036 529 GE.
1088 480 1243 541 Edepol
1285 499 1322 530 te
1355 492 1476 530 hodie

145 625 213 662 PA.
271 623 365 661 Νόη
408 631 565 660 metuo:
610 634 679 670 per
721 622 875 660 hortum
918 623 1057 667 traibo‚
1103 623 1183 661 non
1225 621 1393 671 prodibo
1436 622 1476 660 in

250 689 464 738 ptiplicum.

251 821 344 859 beas
374 819 453 858 tibi.

272 887 362 924 Tu'a
404 886 471 935 pol
510 886 633 923 refert.

251 965 344 999 mea,
377 964 497 1000 opera
527 953 660 988 iitere:

145 1018 275 1068 posce.

253 1081 470 1131 conspicor,

147 1147 215 1186 tibi
244 1147 422 1185 accubes.

254 1211 403 1261 oppidi.

146 889 214 924 ΕΡ.
708 885 781 923 GE.

149 1279 216 1315 ΕΡ.

254 1343 396 1380 ferreos
413 1355 420 1378 :

257 1536 387 1574 Immo
416 1535 455 1573 in
485 1537 689 1574 carcerem.

483 1147 552 1184 PA.
603 1147 704 1185 Sane
732 1146 960 1184 faciundum
990 1147 1145 1184 censeo.

276 1277 317 1316 Si
358 1277 439 1315 arte
481 1275 626 1326 poteris
669 1276 872 1315 accubare.

50 761 123 799 615
145 756 214 792 ΕΡ.
274 755 380 802 Quid
410 755 478 800 ais,
510 754 736 792 Gelasime?
793 754 868 791 GE.
928 741 1111 792 O'ratores
1143 761 1182 791 tu
1212 752 1382 802 accipis:
1413 754 1478 791 ha-

842 872 1055 922 Enimuero
1094 883 1124 922 si
1164 884 1324 933 quidem
1359 883 1475 921 refert

337 1018 404 1053 ΕΡ.
455 1016 609 1064 Edepol
650 1014 720 1053 tibi
754 1016 895 1064 opinor
928 1014 1046 1052 etiam
1080 1015 1148 1052 uni
1186 1015 1315 1052 locum
1357 1011 1476 1066 [esse]

1216 1145 1289 1183 GE.
1340 1145 1376 1184 O
1409 1145 1477 1183 lux

941 1276 1014 1314 GE.
1074 1276 1148 1314 Ve'l
1188 1277 1288 1314 inter
1327 1287 1476 1314 cuneos

55 1415 129 1452 620
148 1406 339 1445 tantillum
368 1405 444 1444 loci
474 1406 541 1444 libi
571 1407 733 1444 catellus
759 1406 888 1452 eiibet‚
918 1405 957 1443 id
979 1404 1073 1442 mihi
1094 1404 1187 1444 satis
1208 1405 1266 1444 e'st
1286 1405 1373 1444 loci.
1427 1419 1478 1451 40

150 1475 218 1510 ΕΡ.
276 1461 461 1510 Exorabo
489 1471 622 1520 aliqu6
652 1470 796 1509 modo:
840 1470 943 1508 ueni.

1021 1471 1095 1508 GE.
1156 1469 1350 1509 Hiicine?
1406 1471 1476 1508 ΕΡ.

149 1602 239 1639 nam
267 1600 334 1639 hic
361 1600 520 1650 quidem
548 1600 707 1651 genifim
737 1600 939 1639 meliorem
977 1600 1088 1639 tzium
1123 1613 1203 1639 non
1237 1600 1366 1640 facies.
1424 1601 1481 1639 ἑα-

256 1677 354 1713 mus,
387 1673 441 1703 tu.

149 1731 220 1769 ΡΑ.

193 1871 262 1900 611.
286 1872 358 1900 Per.
367 1894 373 1900 .
381 1877 512 1900 .eena.m
528 1870 583 1900 An
593 1869 781 1900 invocation

149 1912 360 1952 appropriate
376 1917 410 1943 to
428 1913 481 1943 the
493 1913 615 1953 greedy
627 1913 778 1954 parasite.

193 1958 262 1985 615.
300 1956 354 1985 ais
385 1955 430 1986 So
448 1956 492 1992 B;
516 1961 582 1986 rest
596 1956 677 1997 agis.
716 1955 781 1986 Ge-

149 1996 284 2028 lasimus
307 1997 366 2028 has
390 1999 509 2029 moved
533 1998 582 2029 off
600 2010 619 2030 a
642 2008 722 2040 pace
745 2009 782 2029 or

149 2044 215 2070 two
228 2040 414 2081 muttering‚
426 2050 464 2071 so
476 2041 682 2082 Epignomus
691 2046 782 2082 stops

151 2082 230 2112 him.
277 2082 317 2113 In
343 2083 476 2114 Plautus
500 2085 583 2125 quid
603 2084 680 2114 ais?
710 2085 736 2115 is
764 2094 784 2115 a

148 2124 289 2155 formula
306 2125 356 2155 for
372 2126 505 2167 passing
521 2132 555 2157 to
571 2137 591 2156 a
605 2127 690 2157 fresh
707 2126 781 2157 sub-

146 2166 234 2208 ject3
257 2168 298 2198 cf.
314 2169 437 2208 Amph.
458 2179 486 2200 2.
503 2179 529 2199 1.
546 2168 595 2208 76,
615 2169 734 2200 Bacch.
754 2179 782 2200 1.

155 2220 182 2243 ¹·
201 2220 253 2250 45,
269 2220 300 2241 v.
321 2220 390 2250 753-

194 2255 263 2284 616.
312 2252 497 2284 Gelasimus
524 2253 551 2285 is
577 2254 712 2294 moving
738 2253 788 2285 off

278 1730 375 1769 De'vs
404 1730 583 1770 salutab6
614 1731 759 1770 modo:
800 1739 915 1780 poste
944 1731 995 1769 ad
1024 1732 1062 1770 te
1090 1731 1280 1770 continuo
1308 1733 1474 1771 transeo.

845 1870 941 1910 again
963 1869 1059 1900 when
1084 1869 1289 1911 Epignomus
1310 1880 1383 1911 says
1409 1870 1480 1901 ‘In-

847 1913 931 1944 deed
954 1912 979 1943 it
1002 1913 1029 1943 is
1051 1922 1132 1953 your
1155 1913 1288 1944 interest
1307 1911 1353 1954 (to
1369 1912 1479 1953 stay).'

848 1956 920 1986 The
933 1955 1070 1996 reading
1081 1956 1107 1986 is
1119 1956 1298 1987 uncertain.
1340 1957 1355 1986 I
1370 1956 1481 1987 follow

849 1999 891 2033 A,
906 1999 937 2029 in
952 1999 1059 2029 which
1074 1999 1228 2030 however
1242 2010 1286 2040 qu
1298 1998 1426 2035 follows
1438 1999 1477 2030 si.

850 2041 955 2073 Other
972 2049 1046 2072 MSS.
1055 2042 1128 2082 give
1144 2043 1218 2072 Tua
1224 2043 1283 2083 pol
1290 2042 1385 2082 reffert
1395 2043 1481 2072 em'm

849 2085 882 2116 si
899 2085 1028 2125 quidem
1049 2095 1118 2114 mea
1147 2085 1248 2125 rqfhrt
1268 2090 1362 2125 opera
1384 2089 1478 2116 utere.

850 2127 867 2158 Ι
884 2132 1054 2168 transpose
1071 2138 1138 2157 mea
1154 2128 1261 2167 refert.
1303 2147 1306 2150 »

892 2178 1000 2206 opera
1013 2173 1114 2200 utere
1147 2171 1247 2210 ‘Pray
1257 2170 1369 2201 attend
1382 2175 1416 2201 to
1433 2168 1481 2201 it.'

893 2215 963 2244 619.
1012 2215 1089 2243 arte
1127 2213 1182 2242 ‘In
1200 2223 1218 2243 a
1235 2213 1328 2243 small
1344 2213 1467 2254 space.'

894 2258 965 2286 620.
1010 2257 1099 2285 satis
1138 2263 1213 2287 MSS.
1232 2260 1319 2286 salter
1333 2266 1370 2287 or
1384 2260 1444 2287 sat.
