<?xml version="1.0" encoding="UTF-8"?>
<!DOCTYPE html PUBLIC "-//W3C//DTD XHTML 1.0 Transitional//EN"
    "http://www.w3.org/TR/xhtml1/DTD/xhtml1-transitional.dtd">
<html xmlns="http://www.w3.org/1999/xhtml" xml:lang="en" lang="en">
 <head>
  <title>
</title>
<meta http-equiv="Content-Type" content="text/html;charset=utf-8" />
  <meta name='ocr-system' content='tesseract 3.04.00' />
  <meta name='ocr-capabilities' content='ocr_page ocr_carea ocr_par ocr_line ocrx_word'/>
</head>
<body>
  <div class='ocr_page' id='page_1' title='image "./stichusp00plauuoft_0070.png"; bbox 0 0 1583 2507; ppageno 0'>
   <div class='ocr_carea' id='block_1_1' title="bbox 172 66 1496 119">
    <p class='ocr_par' dir='ltr' id='par_1_1' title="bbox 172 66 1496 119">
     <span class='ocr_line' id='line_1_1' title="bbox 172 66 1496 119; baseline 0.002 -15"><span class='ocrx_word' id='word_1_1' title='bbox 172 82 223 115; x_wconf 87' lang='lat'>44</span> <span class='ocrx_word' id='word_1_2' title='bbox 724 68 836 105; x_wconf 77' lang='lat' dir='ltr'>PLA</span> <span class='ocrx_word' id='word_1_3' title='bbox 855 69 951 104; x_wconf 78' lang='lat' dir='ltr'>VT]</span> <span class='ocrx_word' id='word_1_4' title='bbox 1159 66 1209 119; x_wconf 90' lang='lat' dir='ltr'>[V</span> <span class='ocrx_word' id='word_1_5' title='bbox 1232 81 1265 114; x_wconf 84' lang='lat'>4,</span> <span class='ocrx_word' id='word_1_6' title='bbox 1289 70 1364 116; x_wconf 17' lang='lat'><strong>68⁴7</strong></span> <span class='ocrx_word' id='word_1_7' title='bbox 1376 71 1496 118; x_wconf 67' lang='lat'><strong>—70&#39;1</strong></span> 
     </span>
    </p>
   </div>
   <div class='ocr_carea' id='block_1_2' title="bbox 79 170 1503 744">
    <p class='ocr_par' dir='ltr' id='par_1_2' title="bbox 171 170 1500 287">
     <span class='ocr_line' id='line_1_2' title="bbox 171 170 1500 220; baseline 0 -12"><span class='ocrx_word' id='word_1_8' title='bbox 171 172 267 209; x_wconf 78' lang='lat' dir='ltr'>dum</span> <span class='ocrx_word' id='word_1_9' title='bbox 298 171 458 220; x_wconf 84' lang='lat' dir='ltr'>quidem</span> <span class='ocrx_word' id='word_1_10' title='bbox 489 173 618 209; x_wconf 87' lang='lat' dir='ltr'>hercle</span> <span class='ocrx_word' id='word_1_11' title='bbox 651 174 739 209; x_wconf 75' lang='lat' dir='ltr'>cum</span> <span class='ocrx_word' id='word_1_12' title='bbox 776 184 843 208; x_wconf 76' lang='lat' dir='ltr'>Suo</span> <span class='ocrx_word' id='word_1_13' title='bbox 877 170 1041 220; x_wconf 81' lang='lat' dir='ltr'>quisque</span> <span class='ocrx_word' id='word_1_14' title='bbox 1076 170 1207 209; x_wconf 76' lang='lat' dir='ltr'>ueniat</span> <span class='ocrx_word' id='word_1_15' title='bbox 1241 171 1360 209; x_wconf 91' lang='lat' dir='ltr'>uino:</span> <span class='ocrx_word' id='word_1_16' title='bbox 1409 184 1500 209; x_wconf 82' lang='lat' dir='ltr'>nam</span> 
     </span>
     <span class='ocr_line' id='line_1_3' title="bbox 278 236 1500 287; baseline 0.001 -14"><span class='ocrx_word' id='word_1_17' title='bbox 278 237 372 274; x_wconf 82' lang='lat' dir='ltr'>hinc</span> <span class='ocrx_word' id='word_1_18' title='bbox 403 236 561 285; x_wconf 87' lang='lat' dir='ltr'>quidem</span> <span class='ocrx_word' id='word_1_19' title='bbox 1480 249 1500 287; x_wconf 89' lang='lat'><strong>5</strong></span> 
     </span>
    </p>

    <p class='ocr_par' dir='ltr' id='par_1_3' title="bbox 172 300 1296 350">
     <span class='ocr_line' id='line_1_4' title="bbox 172 300 1296 350; baseline 0.002 -13"><span class='ocrx_word' id='word_1_20' title='bbox 172 300 289 339; x_wconf 75' lang='lat' dir='ltr'>hodie</span> <span class='ocrx_word' id='word_1_21' title='bbox 319 303 538 350; x_wconf 69' lang='lat' dir='ltr'>polluctura</span> <span class='ocrx_word' id='word_1_22' title='bbox 567 310 718 350; x_wconf 76' lang='lat' dir='ltr'>praeter</span> <span class='ocrx_word' id='word_1_23' title='bbox 745 302 817 340; x_wconf 74' lang='lat' dir='ltr'>nos</span> <span class='ocrx_word' id='word_1_24' title='bbox 848 301 924 338; x_wconf 81' lang='lat' dir='ltr'>iam</span> <span class='ocrx_word' id='word_1_25' title='bbox 955 301 1110 340; x_wconf 72' lang='lat' dir='ltr'>dabitur</span> <span class='ocrx_word' id='word_1_26' title='bbox 1139 300 1296 339; x_wconf 77' lang='lat' dir='ltr'>nemini.</span> 
     </span>
    </p>

    <p class='ocr_par' dir='ltr' id='par_1_4' title="bbox 172 365 1503 468">
     <span class='ocr_line' id='line_1_5' title="bbox 172 365 1503 416; baseline 0.004 -14"><span class='ocrx_word' id='word_1_27' title='bbox 172 367 327 404; x_wconf 75' lang='lat' dir='ltr'>nosmet</span> <span class='ocrx_word' id='word_1_28' title='bbox 357 366 457 404; x_wconf 88' lang='lat' dir='ltr'>inter</span> <span class='ocrx_word' id='word_1_29' title='bbox 484 365 555 404; x_wconf 79' lang='lat' dir='ltr'>nos</span> <span class='ocrx_word' id='word_1_30' title='bbox 584 366 847 404; x_wconf 80' lang='lat' dir='ltr'>ministremus</span> <span class='ocrx_word' id='word_1_31' title='bbox 873 366 1110 416; x_wconf 77' lang='lat' dir='ltr'>monotropi.</span> <span class='ocrx_word' id='word_1_32' title='bbox 1179 368 1242 405; x_wconf 87' lang='lat' dir='ltr'>SA.</span> <span class='ocrx_word' id='word_1_33' title='bbox 1289 368 1383 406; x_wconf 91' lang='lat' dir='ltr'>Hoc</span> <span class='ocrx_word' id='word_1_34' title='bbox 1412 381 1503 406; x_wconf 91' lang='lat' dir='ltr'>con-</span> 
     </span>
     <span class='ocr_line' id='line_1_6' title="bbox 280 431 428 468; baseline 0 0"><span class='ocrx_word' id='word_1_35' title='bbox 280 431 428 468; x_wconf 82' lang='lat' dir='ltr'>uiuium</span> 
     </span>
    </p>

    <p class='ocr_par' dir='ltr' id='par_1_5' title="bbox 79 496 1503 546">
     <span class='ocr_line' id='line_1_7' title="bbox 79 496 1503 546; baseline -0.002 -7"><span class='ocrx_word' id='word_1_36' title='bbox 79 502 152 539; x_wconf 88' lang='lat'>690</span> <span class='ocrx_word' id='word_1_37' title='bbox 173 510 242 545; x_wconf 88' lang='lat' dir='ltr'>pro</span> <span class='ocrx_word' id='word_1_38' title='bbox 286 497 426 546; x_wconf 79' lang='lat' dir='ltr'>opibus</span> <span class='ocrx_word' id='word_1_39' title='bbox 469 496 608 534; x_wconf 82' lang='lat' dir='ltr'>nostris</span> <span class='ocrx_word' id='word_1_40' title='bbox 649 496 740 534; x_wconf 69' lang='lat' dir='ltr'>saitis</span> <span class='ocrx_word' id='word_1_41' title='bbox 783 497 1116 535; x_wconf 83' lang='lat' dir='ltr'>commodulumst</span> <span class='ocrx_word' id='word_1_42' title='bbox 1156 496 1323 536; x_wconf 77' lang='lat' dir='ltr'>nucibus</span> <span class='ocrx_word' id='word_1_43' title='bbox 1362 497 1503 536; x_wconf 78' lang='lat' dir='ltr'>fabulis</span> 
     </span>
    </p>

    <p class='ocr_par' dir='ltr' id='par_1_6' title="bbox 280 563 404 600">
     <span class='ocr_line' id='line_1_8' title="bbox 280 563 404 600; baseline 0.008 -1"><span class='ocrx_word' id='word_1_44' title='bbox 280 563 404 600; x_wconf 83' lang='lat' dir='ltr'>siculis</span> 
     </span>
    </p>

    <p class='ocr_par' dir='ltr' id='par_1_7' title="bbox 174 626 1138 676">
     <span class='ocr_line' id='line_1_9' title="bbox 174 626 1138 676; baseline 0 -11"><span class='ocrx_word' id='word_1_45' title='bbox 174 628 283 665; x_wconf 73' lang='lat' dir='ltr'>oleae</span> <span class='ocrx_word' id='word_1_46' title='bbox 314 627 464 676; x_wconf 76' lang='lat' dir='ltr'>tryblio‚</span> <span class='ocrx_word' id='word_1_47' title='bbox 495 626 632 675; x_wconf 86' lang='lat' dir='ltr'>lupillo</span> <span class='ocrx_word' id='word_1_48' title='bbox 667 626 922 673; x_wconf 81' lang='lat' dir='ltr'>comminuto,</span> <span class='ocrx_word' id='word_1_49' title='bbox 955 629 1138 666; x_wconf 73' lang='lat' dir='ltr'>eriistulo.</span> 
     </span>
    </p>

    <p class='ocr_par' dir='ltr' id='par_1_8' title="bbox 173 693 1502 744">
     <span class='ocr_line' id='line_1_10' title="bbox 173 693 1502 744; baseline 0.001 -13"><span class='ocrx_word' id='word_1_50' title='bbox 173 694 235 731; x_wconf 90' lang='lat' dir='ltr'>ST.</span> <span class='ocrx_word' id='word_1_51' title='bbox 295 693 437 731; x_wconf 70' lang='lat' dir='ltr'>Szitiust</span> <span class='ocrx_word' id='word_1_52' title='bbox 468 706 579 730; x_wconf 86' lang='lat' dir='ltr'>seruo</span> <span class='ocrx_word' id='word_1_53' title='bbox 610 693 760 730; x_wconf 79' lang='lat' dir='ltr'>bomini</span> <span class='ocrx_word' id='word_1_54' title='bbox 790 694 968 730; x_wconf 76' lang='lat' dir='ltr'>modeste</span> <span class='ocrx_word' id='word_1_55' title='bbox 998 694 1122 731; x_wconf 66' lang='lat' dir='ltr'>ff&#39;tcere</span> <span class='ocrx_word' id='word_1_56' title='bbox 1151 701 1352 743; x_wconf 86' lang='lat' dir='ltr'>sumptum</span> <span class='ocrx_word' id='word_1_57' title='bbox 1383 707 1502 744; x_wconf 78' lang='lat' dir='ltr'>quam</span> 
     </span>
    </p>
   </div>
   <div class='ocr_carea' id='block_1_3' title="bbox 175 757 1505 926">
    <p class='ocr_par' dir='ltr' id='par_1_9' title="bbox 175 757 1505 926">
     <span class='ocr_line' id='line_1_11' title="bbox 282 757 1505 806; baseline 0.002 -12"><span class='ocrx_word' id='word_1_58' title='bbox 282 757 472 806; x_wconf 65' lang='lat' dir='ltr'>einipliter.</span> <span class='ocrx_word' id='word_1_59' title='bbox 1457 773 1505 797; x_wconf 91' lang='lat'>10</span> 
     </span>
     <span class='ocr_line' id='line_1_12' title="bbox 175 822 1504 873; baseline 0.002 -13"><span class='ocrx_word' id='word_1_60' title='bbox 175 823 287 861; x_wconf 69' lang='lat' dir='ltr'>sliam</span> <span class='ocrx_word' id='word_1_61' title='bbox 312 835 509 872; x_wconf 76' lang='lat' dir='ltr'>quemque</span> <span class='ocrx_word' id='word_1_62' title='bbox 535 823 671 861; x_wconf 86' lang='lat' dir='ltr'>decet:</span> <span class='ocrx_word' id='word_1_63' title='bbox 702 824 844 872; x_wconf 77' lang='lat' dir='ltr'>quibus</span> <span class='ocrx_word' id='word_1_64' title='bbox 874 823 1034 862; x_wconf 76' lang='lat' dir='ltr'>diuitiae</span> <span class='ocrx_word' id='word_1_65' title='bbox 1065 822 1173 862; x_wconf 78' lang='lat' dir='ltr'>domi</span> <span class='ocrx_word' id='word_1_66' title='bbox 1203 831 1305 870; x_wconf 88' lang='lat' dir='ltr'>sunt,</span> <span class='ocrx_word' id='word_1_67' title='bbox 1334 825 1504 873; x_wconf 80' lang='lat' dir='ltr'>scaphiis</span> 
     </span>
     <span class='ocr_line' id='line_1_13' title="bbox 282 888 475 926; baseline -0.005 0"><span class='ocrx_word' id='word_1_68' title='bbox 282 888 475 926; x_wconf 53' lang='lat' dir='ltr'>cantharis</span> 
     </span>
    </p>
   </div>
   <div class='ocr_carea' id='block_1_4' title="bbox 80 953 1504 1069">
    <p class='ocr_par' dir='ltr' id='par_1_10' title="bbox 80 953 1504 1069">
     <span class='ocr_line' id='line_1_14' title="bbox 177 953 1189 1003; baseline 0.001 -12"><span class='ocrx_word' id='word_1_69' title='bbox 177 954 341 992; x_wconf 71' lang='lat' dir='ltr'>Baitiacis</span> <span class='ocrx_word' id='word_1_70' title='bbox 371 954 539 992; x_wconf 76' lang='lat' dir='ltr'>bibunt:</span> <span class='ocrx_word' id='word_1_71' title='bbox 571 967 642 991; x_wconf 84' lang='lat' dir='ltr'>nos</span> <span class='ocrx_word' id='word_1_72' title='bbox 672 962 806 992; x_wconf 80' lang='lat' dir='ltr'>nostro</span> <span class='ocrx_word' id='word_1_73' title='bbox 837 953 1008 993; x_wconf 68' lang='lat' dir='ltr'>Szimiolo</span> <span class='ocrx_word' id='word_1_74' title='bbox 1039 954 1189 1003; x_wconf 80' lang='lat' dir='ltr'>pote&#39;rio</span> 
     </span>
     <span class='ocr_line' id='line_1_15' title="bbox 80 1019 1504 1069; baseline 0.002 -13"><span class='ocrx_word' id='word_1_75' title='bbox 80 1023 153 1060; x_wconf 87' lang='grc'>695</span> <span class='ocrx_word' id='word_1_76' title='bbox 176 1020 306 1057; x_wconf 69' lang='lat' dir='ltr'>taimen</span> <span class='ocrx_word' id='word_1_77' title='bbox 348 1019 519 1057; x_wconf 78' lang='lat' dir='ltr'>bibimus</span> <span class='ocrx_word' id='word_1_78' title='bbox 558 1032 640 1065; x_wconf 77' lang='lat' dir='ltr'>nos,</span> <span class='ocrx_word' id='word_1_79' title='bbox 687 1020 817 1057; x_wconf 65' lang='lat' dir='ltr'>taimen</span> <span class='ocrx_word' id='word_1_80' title='bbox 858 1019 1044 1058; x_wconf 85' lang='lat' dir='ltr'>efficimus</span> <span class='ocrx_word' id='word_1_81' title='bbox 1083 1033 1152 1069; x_wconf 86' lang='lat' dir='ltr'>pro</span> <span class='ocrx_word' id='word_1_82' title='bbox 1191 1019 1335 1069; x_wconf 81' lang='lat' dir='ltr'>opibus</span> <span class='ocrx_word' id='word_1_83' title='bbox 1372 1028 1504 1059; x_wconf 82' lang='lat' dir='ltr'>nostra</span> 
     </span>
    </p>
   </div>
   <div class='ocr_carea' id='block_1_5' title="bbox 81 1086 1555 1720">
    <p class='ocr_par' dir='ltr' id='par_1_11' title="bbox 281 1086 1503 1135">
     <span class='ocr_line' id='line_1_16' title="bbox 281 1086 1503 1135; baseline 0.002 -15"><span class='ocrx_word' id='word_1_84' title='bbox 281 1086 447 1122; x_wconf 76' lang='lat' dir='ltr'>moe&#39;nia.</span> <span class='ocrx_word' id='word_1_85' title='bbox 1457 1099 1503 1135; x_wconf 86' lang='lat'>13</span> 
     </span>
    </p>

    <p class='ocr_par' dir='ltr' id='par_1_12' title="bbox 174 1149 1502 1200">
     <span class='ocr_line' id='line_1_17' title="bbox 174 1149 1502 1200; baseline 0.002 -13"><span class='ocrx_word' id='word_1_86' title='bbox 174 1150 236 1187; x_wconf 87' lang='lat' dir='ltr'>SA.</span> <span class='ocrx_word' id='word_1_87' title='bbox 297 1150 361 1187; x_wconf 76' lang='lat' dir='ltr'>Se‘t</span> <span class='ocrx_word' id='word_1_88' title='bbox 390 1149 515 1187; x_wconf 78' lang='lat' dir='ltr'>amica</span> <span class='ocrx_word' id='word_1_89' title='bbox 542 1163 630 1187; x_wconf 79' lang='lat' dir='ltr'>mea</span> <span class='ocrx_word' id='word_1_90' title='bbox 657 1158 694 1187; x_wconf 91' lang='lat' dir='ltr'>et</span> <span class='ocrx_word' id='word_1_91' title='bbox 718 1153 785 1187; x_wconf 76' lang='lat' dir='ltr'>tua</span> <span class='ocrx_word' id='word_1_92' title='bbox 805 1151 899 1188; x_wconf 90' lang='lat' dir='ltr'>dum</span> <span class='ocrx_word' id='word_1_93' title='bbox 920 1150 1041 1188; x_wconf 88' lang='lat' dir='ltr'>comit</span> <span class='ocrx_word' id='word_1_94' title='bbox 1068 1150 1241 1200; x_wconf 76' lang='lat' dir='ltr'>dumque</span> <span class='ocrx_word' id='word_1_95' title='bbox 1268 1164 1309 1188; x_wconf 85' lang='lat' dir='ltr'>se</span> <span class='ocrx_word' id='word_1_96' title='bbox 1330 1159 1502 1198; x_wconf 79' lang='lat' dir='ltr'>exornat,</span> 
     </span>
    </p>

    <p class='ocr_par' dir='ltr' id='par_1_13' title="bbox 282 1215 1503 1267">
     <span class='ocr_line' id='line_1_18' title="bbox 282 1215 1503 1267; baseline 0.003 -16"><span class='ocrx_word' id='word_1_97' title='bbox 282 1215 353 1252; x_wconf 81' lang='lat' dir='ltr'>nos</span> <span class='ocrx_word' id='word_1_98' title='bbox 383 1216 476 1253; x_wconf 85' lang='lat' dir='ltr'>uolo</span> <span class='ocrx_word' id='word_1_99' title='bbox 1456 1231 1503 1267; x_wconf 87' lang='lat'>19</span> 
     </span>
    </p>

    <p class='ocr_par' dir='ltr' id='par_1_14' title="bbox 174 1280 1503 1329">
     <span class='ocr_line' id='line_1_19' title="bbox 174 1280 1503 1329; baseline 0.002 -13"><span class='ocrx_word' id='word_1_100' title='bbox 174 1280 307 1317; x_wconf 78' lang='lat' dir='ltr'>ludere</span> <span class='ocrx_word' id='word_1_101' title='bbox 337 1280 436 1317; x_wconf 90' lang='lat' dir='ltr'>inter</span> <span class='ocrx_word' id='word_1_102' title='bbox 465 1280 547 1318; x_wconf 80' lang='lat' dir='ltr'>nos.</span> <span class='ocrx_word' id='word_1_103' title='bbox 607 1288 817 1329; x_wconf 72' lang='lat' dir='ltr'>strategum</span> <span class='ocrx_word' id='word_1_104' title='bbox 849 1282 884 1319; x_wconf 77' lang='lat' dir='ltr'>te</span> <span class='ocrx_word' id='word_1_105' title='bbox 914 1281 1014 1319; x_wconf 78' lang='lat' dir='ltr'>facio</span> <span class='ocrx_word' id='word_1_106' title='bbox 1044 1281 1135 1319; x_wconf 90' lang='lat' dir='ltr'>huic</span> <span class='ocrx_word' id='word_1_107' title='bbox 1165 1282 1360 1319; x_wconf 81' lang='lat' dir='ltr'>conuiuio.</span> <span class='ocrx_word' id='word_1_108' title='bbox 1454 1296 1503 1320; x_wconf 85' lang='lat'>20</span> 
     </span>
    </p>

    <p class='ocr_par' dir='ltr' id='par_1_15' title="bbox 174 1345 1502 1393">
     <span class='ocr_line' id='line_1_20' title="bbox 174 1345 1502 1393; baseline 0.003 -11"><span class='ocrx_word' id='word_1_109' title='bbox 174 1345 236 1383; x_wconf 88' lang='lat' dir='ltr'>ST.</span> <span class='ocrx_word' id='word_1_110' title='bbox 296 1346 474 1382; x_wconf 81' lang='lat' dir='ltr'>Nimium</span> <span class='ocrx_word' id='word_1_111' title='bbox 502 1345 631 1393; x_wconf 84' lang='lat' dir='ltr'>lepide</span> <span class='ocrx_word' id='word_1_112' title='bbox 662 1345 699 1382; x_wconf 90' lang='lat' dir='ltr'>in</span> <span class='ocrx_word' id='word_1_113' title='bbox 732 1347 905 1383; x_wconf 79' lang='lat' dir='ltr'>mentem</span> <span class='ocrx_word' id='word_1_114' title='bbox 935 1348 1054 1384; x_wconf 87' lang='lat' dir='ltr'>uenit.</span> <span class='ocrx_word' id='word_1_115' title='bbox 1118 1348 1179 1385; x_wconf 84' lang='lat' dir='ltr'>SA.</span> <span class='ocrx_word' id='word_1_116' title='bbox 1241 1347 1428 1387; x_wconf 82' lang='lat' dir='ltr'>Potiusne</span> <span class='ocrx_word' id='word_1_117' title='bbox 1463 1349 1502 1386; x_wconf 90' lang='lat' dir='ltr'>in</span> 
     </span>
    </p>

    <p class='ocr_par' dir='ltr' id='par_1_16' title="bbox 282 1410 1498 1451">
     <span class='ocr_line' id='line_1_21' title="bbox 282 1410 1498 1451; baseline 0.002 -3"><span class='ocrx_word' id='word_1_118' title='bbox 282 1410 467 1448; x_wconf 75' lang='lat' dir='ltr'>subsellio</span> <span class='ocrx_word' id='word_1_119' title='bbox 1454 1428 1498 1451; x_wconf 88' lang='lat'>21</span> 
     </span>
    </p>

    <p class='ocr_par' dir='ltr' id='par_1_17' title="bbox 134 1475 1555 1590">
     <span class='ocr_line' id='line_1_22' title="bbox 134 1475 1503 1526; baseline 0.002 -13"><span class='ocrx_word' id='word_1_120' title='bbox 134 1478 139 1483; x_wconf 87' lang='lat'>&#39;</span> <span class='ocrx_word' id='word_1_121' title='bbox 175 1475 310 1526; x_wconf 56' lang='lat' dir='ltr'>cYnice</span> <span class='ocrx_word' id='word_1_122' title='bbox 339 1475 553 1524; x_wconf 81' lang='lat' dir='ltr'>accipimur</span> <span class='ocrx_word' id='word_1_123' title='bbox 581 1476 751 1524; x_wconf 65' lang='lat' dir='ltr'>que&#39;imde</span> <span class='ocrx_word' id='word_1_124' title='bbox 780 1475 820 1513; x_wconf 89' lang='lat' dir='ltr'>in</span> <span class='ocrx_word' id='word_1_125' title='bbox 849 1475 988 1515; x_wconf 84' lang='lat' dir='ltr'>lectis?</span> <span class='ocrx_word' id='word_1_126' title='bbox 1057 1478 1119 1515; x_wconf 89' lang='lat' dir='ltr'>ST.</span> <span class='ocrx_word' id='word_1_127' title='bbox 1182 1477 1261 1516; x_wconf 75' lang='lat' dir='ltr'>Hic</span> <span class='ocrx_word' id='word_1_128' title='bbox 1290 1476 1394 1515; x_wconf 89' lang='lat' dir='ltr'>enim</span> <span class='ocrx_word' id='word_1_129' title='bbox 1425 1491 1503 1516; x_wconf 82' lang='lat' dir='ltr'>ma-</span> 
     </span>
     <span class='ocr_line' id='line_1_23' title="bbox 281 1540 1555 1590; baseline 0.002 -12"><span class='ocrx_word' id='word_1_130' title='bbox 281 1540 338 1590; x_wconf 85' lang='lat' dir='ltr'>gis</span> <span class='ocrx_word' id='word_1_131' title='bbox 369 1548 426 1579; x_wconf 86' lang='lat' dir='ltr'>est</span> <span class='ocrx_word' id='word_1_132' title='bbox 456 1540 617 1579; x_wconf 76' lang='lat' dir='ltr'>dulcius.</span> <span class='ocrx_word' id='word_1_133' title='bbox 1453 1555 1500 1581; x_wconf 87' lang='lat'>22</span> <span class='ocrx_word' id='word_1_134' title='bbox 1546 1573 1555 1580; x_wconf 90' lang='lat'><strong><em>.</em></strong></span> 
     </span>
    </p>

    <p class='ocr_par' dir='ltr' id='par_1_18' title="bbox 81 1596 1502 1649">
     <span class='ocr_line' id='line_1_24' title="bbox 81 1596 1502 1649; baseline -0.002 1"><span class='ocrx_word' id='word_1_135' title='bbox 81 1611 155 1649; x_wconf 87' lang='lat'>&#39;700</span> <span class='ocrx_word' id='word_1_136' title='bbox 174 1608 238 1646; x_wconf 87' lang='lat' dir='ltr'>SA.</span> <span class='ocrx_word' id='word_1_137' title='bbox 287 1596 383 1644; x_wconf 66' lang='lat' dir='ltr'>Vter</span> <span class='ocrx_word' id='word_1_138' title='bbox 411 1606 576 1644; x_wconf 78' lang='lat' dir='ltr'>amicam</span> <span class='ocrx_word' id='word_1_139' title='bbox 607 1606 736 1645; x_wconf 86' lang='lat' dir='ltr'>utrubi</span> <span class='ocrx_word' id='word_1_140' title='bbox 765 1607 1073 1645; x_wconf 57' lang='lat' dir='ltr'>decumbamus?</span> <span class='ocrx_word' id='word_1_141' title='bbox 1120 1608 1182 1645; x_wconf 82' lang='lat' dir='ltr'>ST.</span> <span class='ocrx_word' id='word_1_142' title='bbox 1232 1596 1310 1646; x_wconf 75' lang='lat' dir='ltr'>Abi</span> <span class='ocrx_word' id='word_1_143' title='bbox 1337 1614 1379 1646; x_wconf 89' lang='lat' dir='ltr'>tu</span> <span class='ocrx_word' id='word_1_144' title='bbox 1408 1620 1502 1647; x_wconf 81' lang='lat' dir='ltr'>sane</span> 
     </span>
    </p>

    <p class='ocr_par' dir='ltr' id='par_1_19' title="bbox 282 1672 1502 1720">
     <span class='ocr_line' id='line_1_25' title="bbox 282 1672 1502 1720; baseline 0.002 -12"><span class='ocrx_word' id='word_1_145' title='bbox 282 1672 465 1720; x_wconf 70' lang='lat' dir='ltr'>superior.</span> <span class='ocrx_word' id='word_1_146' title='bbox 1455 1687 1502 1720; x_wconf 92' lang='lat'>14</span> 
     </span>
    </p>
   </div>
   <div class='ocr_carea' id='block_1_6' title="bbox 173 1737 1499 1788">
    <p class='ocr_par' dir='ltr' id='par_1_20' title="bbox 173 1737 1499 1788">
     <span class='ocr_line' id='line_1_26' title="bbox 173 1737 1499 1788; baseline 0.002 -13"><span class='ocrx_word' id='word_1_147' title='bbox 173 1738 290 1786; x_wconf 66' lang='lat' dir='ltr'>aitque</span> <span class='ocrx_word' id='word_1_148' title='bbox 306 1738 406 1775; x_wconf 84' lang='lat' dir='ltr'>adeo</span> <span class='ocrx_word' id='word_1_149' title='bbox 424 1745 465 1774; x_wconf 88' lang='lat' dir='ltr'>ut</span> <span class='ocrx_word' id='word_1_150' title='bbox 481 1744 521 1774; x_wconf 89' lang='lat' dir='ltr'>tu</span> <span class='ocrx_word' id='word_1_151' title='bbox 537 1738 634 1776; x_wconf 82' lang='lat' dir='ltr'>scire</span> <span class='ocrx_word' id='word_1_152' title='bbox 650 1737 788 1786; x_wconf 79' lang='lat' dir='ltr'>possis,</span> <span class='ocrx_word' id='word_1_153' title='bbox 806 1738 923 1785; x_wconf 70' lang='lat' dir='ltr'>pzieto</span> <span class='ocrx_word' id='word_1_154' title='bbox 940 1750 1012 1786; x_wconf 86' lang='lat' dir='ltr'>ego</span> <span class='ocrx_word' id='word_1_155' title='bbox 1029 1744 1158 1775; x_wconf 88' lang='lat' dir='ltr'>tecum</span> <span class='ocrx_word' id='word_1_156' title='bbox 1175 1737 1251 1775; x_wconf 87' lang='lat' dir='ltr'>hoc</span> <span class='ocrx_word' id='word_1_157' title='bbox 1272 1737 1430 1777; x_wconf 83' lang='lat' dir='ltr'>diuido:</span> <span class='ocrx_word' id='word_1_158' title='bbox 1454 1750 1499 1788; x_wconf 88' lang='lat'>15</span> 
     </span>
    </p>
   </div>
   <div class='ocr_carea' id='block_1_7' title="bbox 173 1875 1500 2305">
    <p class='ocr_par' dir='ltr' id='par_1_21' title="bbox 173 1875 1500 2305">
     <span class='ocr_line' id='line_1_27' title="bbox 217 1875 1500 1915; baseline -0.002 -5"><span class='ocrx_word' id='word_1_159' title='bbox 217 1882 286 1910; x_wconf 85' lang='lat'><strong>693.</strong></span> <span class='ocrx_word' id='word_1_160' title='bbox 346 1883 448 1909; x_wconf 72' lang='lat' dir='ltr'>suum</span> <span class='ocrx_word' id='word_1_161' title='bbox 493 1886 664 1915; x_wconf 83' lang='lat' dir='ltr'>quemque</span> <span class='ocrx_word' id='word_1_162' title='bbox 709 1880 808 1908; x_wconf 80' lang='lat' dir='ltr'>decet.</span> <span class='ocrx_word' id='word_1_163' title='bbox 914 1880 981 1908; x_wconf 82' lang='lat'>698.</span> <span class='ocrx_word' id='word_1_164' title='bbox 1039 1880 1202 1908; x_wconf 72' lang='lat' dir='ltr'>potiusne</span> <span class='ocrx_word' id='word_1_165' title='bbox 1255 1877 1300 1909; x_wconf 90' lang='lat' dir='ltr'>So</span> <span class='ocrx_word' id='word_1_166' title='bbox 1355 1875 1500 1915; x_wconf 86' lang='lat' dir='ltr'>Ritschl;</span> 
     </span>
     <span class='ocr_line' id='line_1_28' title="bbox 175 1920 1201 1961; baseline -0.003 -8"><span class='ocrx_word' id='word_1_167' title='bbox 175 1922 295 1953; x_wconf 75' lang='lat' dir='ltr'>‘What</span> <span class='ocrx_word' id='word_1_168' title='bbox 319 1922 399 1953; x_wconf 78' lang='lat' dir='ltr'>each</span> <span class='ocrx_word' id='word_1_169' title='bbox 424 1920 527 1952; x_wconf 77' lang='lat' dir='ltr'>man’s</span> <span class='ocrx_word' id='word_1_170' title='bbox 551 1921 671 1952; x_wconf 81' lang='lat' dir='ltr'>station</span> <span class='ocrx_word' id='word_1_171' title='bbox 695 1922 808 1952; x_wconf 85' lang='lat' dir='ltr'>allows</span> <span class='ocrx_word' id='word_1_172' title='bbox 873 1928 948 1951; x_wconf 76' lang='lat' dir='ltr'>MSS.</span> <span class='ocrx_word' id='word_1_173' title='bbox 965 1921 1075 1961; x_wconf 70' lang='lat' dir='ltr'>polius</span> <span class='ocrx_word' id='word_1_174' title='bbox 1091 1931 1201 1961; x_wconf 78' lang='lat' dir='ltr'>quam.</span> 
     </span>
     <span class='ocr_line' id='line_1_29' title="bbox 174 1962 1499 2003; baseline -0.003 -7"><span class='ocrx_word' id='word_1_175' title='bbox 174 1964 326 1996; x_wconf 79' lang='lat' dir='ltr'>becomes</span> <span class='ocrx_word' id='word_1_176' title='bbox 342 1965 410 1995; x_wconf 87' lang='lat' dir='ltr'>him</span> <span class='ocrx_word' id='word_1_177' title='bbox 430 1963 522 1995; x_wconf 80' lang='lat' dir='ltr'>best.’</span> <span class='ocrx_word' id='word_1_178' title='bbox 548 1964 700 1995; x_wconf 77' lang='lat' dir='ltr'>Scanned</span> <span class='ocrx_word' id='word_1_179' title='bbox 717 1975 752 1995; x_wconf 83' lang='lat' dir='ltr'>as</span> <span class='ocrx_word' id='word_1_180' title='bbox 767 1975 808 1995; x_wconf 82' lang='lat' dir='ltr'>an</span> <span class='ocrx_word' id='word_1_181' title='bbox 913 1967 981 1994; x_wconf 86' lang='grc'><strong>699.</strong></span> <span class='ocrx_word' id='word_1_182' title='bbox 1030 1966 1148 2001; x_wconf 82' lang='lat' dir='ltr'>cynice</span> <span class='ocrx_word' id='word_1_183' title='bbox 1187 1967 1194 1979; x_wconf 78' lang='lat'><strong><em>⁶</em></strong></span> <span class='ocrx_word' id='word_1_184' title='bbox 1207 1963 1290 1994; x_wconf 85' lang='lat' dir='ltr'>Like</span> <span class='ocrx_word' id='word_1_185' title='bbox 1314 1962 1407 2003; x_wconf 87' lang='lat' dir='ltr'>cynic</span> <span class='ocrx_word' id='word_1_186' title='bbox 1428 1962 1499 2003; x_wconf 89' lang='lat' dir='ltr'>phi-</span> 
     </span>
     <span class='ocr_line' id='line_1_30' title="bbox 174 2005 1499 2048; baseline -0.002 -10"><span class='ocrx_word' id='word_1_187' title='bbox 174 2014 340 2048; x_wconf 82' lang='lat' dir='ltr'>anapaest.</span> <span class='ocrx_word' id='word_1_188' title='bbox 869 2006 1061 2047; x_wconf 82' lang='lat' dir='ltr'>Iosophers‚&#39;</span> <span class='ocrx_word' id='word_1_189' title='bbox 1075 2007 1150 2037; x_wconf 87' lang='lat' dir='ltr'>who</span> <span class='ocrx_word' id='word_1_190' title='bbox 1163 2006 1305 2037; x_wconf 82' lang='lat' dir='ltr'>adhered</span> <span class='ocrx_word' id='word_1_191' title='bbox 1322 2010 1356 2036; x_wconf 91' lang='lat' dir='ltr'>to</span> <span class='ocrx_word' id='word_1_192' title='bbox 1373 2005 1430 2036; x_wconf 81' lang='lat' dir='ltr'>the</span> <span class='ocrx_word' id='word_1_193' title='bbox 1444 2005 1499 2036; x_wconf 88' lang='lat' dir='ltr'>old</span> 
     </span>
     <span class='ocr_line' id='line_1_31' title="bbox 217 2048 1500 2089; baseline -0.002 -7"><span class='ocrx_word' id='word_1_194' title='bbox 217 2055 284 2082; x_wconf 85' lang='grc'><strong>695.</strong></span> <span class='ocrx_word' id='word_1_195' title='bbox 334 2054 454 2081; x_wconf 81' lang='lat' dir='ltr'>tamen</span> <span class='ocrx_word' id='word_1_196' title='bbox 503 2051 576 2081; x_wconf 87' lang='lat' dir='ltr'>‘All</span> <span class='ocrx_word' id='word_1_197' title='bbox 607 2050 662 2081; x_wconf 89' lang='lat' dir='ltr'>the</span> <span class='ocrx_word' id='word_1_198' title='bbox 693 2049 805 2080; x_wconf 87' lang='lat' dir='ltr'>same.’</span> <span class='ocrx_word' id='word_1_199' title='bbox 868 2055 995 2080; x_wconf 77' lang='lat' dir='ltr'>custom</span> <span class='ocrx_word' id='word_1_200' title='bbox 1006 2049 1043 2079; x_wconf 91' lang='lat' dir='ltr'>of</span> <span class='ocrx_word' id='word_1_201' title='bbox 1054 2049 1168 2089; x_wconf 84' lang='lat' dir='ltr'>sitting</span> <span class='ocrx_word' id='word_1_202' title='bbox 1180 2055 1212 2080; x_wconf 86' lang='lat' dir='ltr'>at</span> <span class='ocrx_word' id='word_1_203' title='bbox 1228 2048 1330 2080; x_wconf 80' lang='lat' dir='ltr'>meals</span> <span class='ocrx_word' id='word_1_204' title='bbox 1346 2048 1428 2079; x_wconf 81' lang='lat' dir='ltr'>after</span> <span class='ocrx_word' id='word_1_205' title='bbox 1444 2048 1500 2079; x_wconf 89' lang='lat' dir='ltr'>the</span> 
     </span>
     <span class='ocr_line' id='line_1_32' title="bbox 175 2091 1498 2132; baseline -0.002 -8"><span class='ocrx_word' id='word_1_206' title='bbox 175 2095 325 2124; x_wconf 84' lang='lat' dir='ltr'>bibimus</span> <span class='ocrx_word' id='word_1_207' title='bbox 363 2101 439 2124; x_wconf 85' lang='lat' dir='ltr'>MSS.</span> <span class='ocrx_word' id='word_1_208' title='bbox 464 2094 626 2123; x_wconf 77' lang='lat' dir='ltr'>uiuimus.</span> <span class='ocrx_word' id='word_1_209' title='bbox 668 2095 806 2124; x_wconf 82' lang='lat' dir='ltr'>moenia,</span> <span class='ocrx_word' id='word_1_210' title='bbox 869 2092 1036 2123; x_wconf 80' lang='lat' dir='ltr'>luxurious</span> <span class='ocrx_word' id='word_1_211' title='bbox 1051 2092 1180 2123; x_wconf 83' lang='lat' dir='ltr'>fashion</span> <span class='ocrx_word' id='word_1_212' title='bbox 1201 2092 1238 2123; x_wconf 91' lang='lat' dir='ltr'>of</span> <span class='ocrx_word' id='word_1_213' title='bbox 1256 2091 1416 2132; x_wconf 84' lang='lat' dir='ltr'>reclining</span> <span class='ocrx_word' id='word_1_214' title='bbox 1431 2091 1498 2121; x_wconf 85' lang='lat' dir='ltr'>had</span> 
     </span>
     <span class='ocr_line' id='line_1_33' title="bbox 176 2135 1022 2176; baseline -0.004 -9"><span class='ocrx_word' id='word_1_215' title='bbox 176 2137 318 2168; x_wconf 81' lang='lat' dir='ltr'>Archaic</span> <span class='ocrx_word' id='word_1_216' title='bbox 334 2136 383 2167; x_wconf 87' lang='lat' dir='ltr'>for</span> <span class='ocrx_word' id='word_1_217' title='bbox 400 2137 529 2173; x_wconf 79' lang='lat' dir='ltr'>munia,</span> <span class='ocrx_word' id='word_1_218' title='bbox 549 2135 589 2167; x_wconf 92' lang='lat' dir='ltr'>cf.</span> <span class='ocrx_word' id='word_1_219' title='bbox 616 2136 711 2166; x_wconf 77' lang='lat' dir='ltr'>Trin.</span> <span class='ocrx_word' id='word_1_220' title='bbox 731 2146 759 2176; x_wconf 84' lang='lat'>3.</span> <span class='ocrx_word' id='word_1_221' title='bbox 776 2146 805 2167; x_wconf 82' lang='lat'>2.</span> <span class='ocrx_word' id='word_1_222' title='bbox 868 2146 961 2166; x_wconf 87' lang='lat' dir='ltr'>come</span> <span class='ocrx_word' id='word_1_223' title='bbox 979 2135 1022 2165; x_wconf 91' lang='lat' dir='ltr'>in.</span> 
     </span>
     <span class='ocr_line' id='line_1_34' title="bbox 173 2176 1500 2219; baseline -0.003 -8"><span class='ocrx_word' id='word_1_224' title='bbox 173 2179 225 2211; x_wconf 90' lang='lat'>61.</span> <span class='ocrx_word' id='word_1_225' title='bbox 251 2180 329 2211; x_wconf 93' lang='lat' dir='ltr'>‘We</span> <span class='ocrx_word' id='word_1_226' title='bbox 345 2190 437 2219; x_wconf 86' lang='lat' dir='ltr'>carry</span> <span class='ocrx_word' id='word_1_227' title='bbox 452 2184 508 2210; x_wconf 90' lang='lat' dir='ltr'>out</span> <span class='ocrx_word' id='word_1_228' title='bbox 525 2189 583 2209; x_wconf 88' lang='lat' dir='ltr'>our</span> <span class='ocrx_word' id='word_1_229' title='bbox 599 2178 717 2219; x_wconf 82' lang='lat' dir='ltr'>plans.’</span> <span class='ocrx_word' id='word_1_230' title='bbox 911 2180 1100 2212; x_wconf 79' lang='lat' dir='ltr'>accipimur</span> <span class='ocrx_word' id='word_1_231' title='bbox 1137 2178 1169 2208; x_wconf 90' lang='lat' dir='ltr'><strong>A</strong></span> <span class='ocrx_word' id='word_1_232' title='bbox 1200 2177 1281 2208; x_wconf 86' lang='lat' dir='ltr'>kind</span> <span class='ocrx_word' id='word_1_233' title='bbox 1311 2177 1350 2208; x_wconf 87' lang='lat' dir='ltr'>of</span> <span class='ocrx_word' id='word_1_234' title='bbox 1375 2176 1500 2207; x_wconf 87' lang='lat' dir='ltr'>middle</span> 
     </span>
     <span class='ocr_line' id='line_1_35' title="bbox 217 2219 1499 2261; baseline -0.002 -8"><span class='ocrx_word' id='word_1_235' title='bbox 217 2226 285 2253; x_wconf 83' lang='grc'><strong>696.</strong></span> <span class='ocrx_word' id='word_1_236' title='bbox 328 2224 432 2253; x_wconf 71' lang='lat' dir='ltr'>comit</span> <span class='ocrx_word' id='word_1_237' title='bbox 465 2230 541 2252; x_wconf 78' lang='lat' dir='ltr'>MSS.</span> <span class='ocrx_word' id='word_1_238' title='bbox 557 2226 658 2252; x_wconf 77' lang='lat' dir='ltr'>cenat.</span> <span class='ocrx_word' id='word_1_239' title='bbox 867 2231 933 2258; x_wconf 79' lang='lat' dir='ltr'>use,</span> <span class='ocrx_word' id='word_1_240' title='bbox 979 2221 1090 2261; x_wconf 90' lang='lat' dir='ltr'>‘enjoy</span> <span class='ocrx_word' id='word_1_241' title='bbox 1124 2231 1182 2251; x_wconf 86' lang='lat' dir='ltr'>our</span> <span class='ocrx_word' id='word_1_242' title='bbox 1221 2219 1499 2251; x_wconf 84' lang='lat' dir='ltr'>entertainment.&#39;</span> 
     </span>
     <span class='ocr_line' id='line_1_36' title="bbox 218 2262 1499 2305; baseline -0.005 -8"><span class='ocrx_word' id='word_1_243' title='bbox 218 2269 286 2298; x_wconf 85' lang='grc'><strong>697.</strong></span> <span class='ocrx_word' id='word_1_244' title='bbox 336 2268 534 2302; x_wconf 76' lang='lat' dir='ltr'>strategum</span> <span class='ocrx_word' id='word_1_245' title='bbox 565 2265 624 2295; x_wconf 83' lang='lat' dir='ltr'>Le.</span> <span class='ocrx_word' id='word_1_246' title='bbox 642 2275 757 2305; x_wconf 65' lang='lat' dir='ltr'>ragam.</span> <span class='ocrx_word' id='word_1_247' title='bbox 868 2262 1371 2304; x_wconf 76' lang='lat' dir='ltr'>Foraccz&#39;pere:‘entertain‚&#39;cf.</span> <span class='ocrx_word' id='word_1_248' title='bbox 1384 2262 1499 2304; x_wconf 82' lang='lat' dir='ltr'><em>v.615.</em></span> 
     </span>
    </p>
   </div>
  </div>
 </body>
</html>
