<?xml version="1.0" encoding="UTF-8"?>
<!DOCTYPE html PUBLIC "-//W3C//DTD XHTML 1.0 Transitional//EN"
    "http://www.w3.org/TR/xhtml1/DTD/xhtml1-transitional.dtd">
<html xmlns="http://www.w3.org/1999/xhtml" xml:lang="en" lang="en">
 <head>
  <title>
</title>
<meta http-equiv="Content-Type" content="text/html;charset=utf-8" />
  <meta name='ocr-system' content='tesseract 3.04.00' />
  <meta name='ocr-capabilities' content='ocr_page ocr_carea ocr_par ocr_line ocrx_word'/>
</head>
<body>
  <div class='ocr_page' id='page_1' title='image "./stichusp00plauuoft_0056.png"; bbox 0 0 1583 2507; ppageno 0'>
   <div class='ocr_carea' id='block_1_1' title="bbox 79 39 1503 570">
    <p class='ocr_par' dir='ltr' id='par_1_1' title="bbox 175 39 1503 256">
     <span class='ocr_line' id='line_1_1' title="bbox 176 39 1503 92; baseline 0.002 -16"><span class='ocrx_word' id='word_1_1' title='bbox 176 52 226 87; x_wconf 82' lang='lat'><strong>30</strong></span> <span class='ocrx_word' id='word_1_2' title='bbox 728 41 840 78; x_wconf 80' lang='lat' dir='ltr'><strong>PLA</strong></span> <span class='ocrx_word' id='word_1_3' title='bbox 855 42 955 77; x_wconf 82' lang='lat' dir='ltr'><strong>VTJ</strong></span> <span class='ocrx_word' id='word_1_4' title='bbox 1128 39 1212 92; x_wconf 90' lang='lat' dir='ltr'>[III</span> <span class='ocrx_word' id='word_1_5' title='bbox 1236 54 1270 87; x_wconf 91' lang='lat'><strong>2,</strong></span> <span class='ocrx_word' id='word_1_6' title='bbox 1291 43 1503 88; x_wconf 83' lang='lat'><strong>468—486</strong></span> 
     </span>
     <span class='ocr_line' id='line_1_2' title="bbox 176 141 1501 194; baseline -0.001 -13"><span class='ocrx_word' id='word_1_7' title='bbox 176 144 248 181; x_wconf 84' lang='lat' dir='ltr'><strong>GE.</strong></span> <span class='ocrx_word' id='word_1_8' title='bbox 308 143 480 192; x_wconf 79' lang='lat' dir='ltr'><strong>Propino</strong></span> <span class='ocrx_word' id='word_1_9' title='bbox 509 141 580 181; x_wconf 88' lang='lat' dir='ltr'><strong>tibi</strong></span> <span class='ocrx_word' id='word_1_10' title='bbox 611 144 775 180; x_wconf 78' lang='lat' dir='ltr'><strong>saltitem</strong></span> <span class='ocrx_word' id='word_1_11' title='bbox 805 143 932 191; x_wconf 88' lang='lat' dir='ltr'><strong>plenis</strong></span> <span class='ocrx_word' id='word_1_12' title='bbox 962 143 1148 180; x_wconf 72' lang='lat' dir='ltr'>salicibus.</span> <span class='ocrx_word' id='word_1_13' title='bbox 1457 155 1501 194; x_wconf 89' lang='lat'><strong>15</strong></span> 
     </span>
     <span class='ocr_line' id='line_1_3' title="bbox 175 207 1346 256; baseline 0.002 -12"><span class='ocrx_word' id='word_1_14' title='bbox 175 209 244 245; x_wconf 76' lang='grc' dir='ltr'>ΕΡ.</span> <span class='ocrx_word' id='word_1_15' title='bbox 305 209 414 245; x_wconf 91' lang='lat' dir='ltr'><strong>Bene</strong></span> <span class='ocrx_word' id='word_1_16' title='bbox 443 209 560 256; x_wconf 73' lang='lat' dir='ltr'><strong>atque</strong></span> <span class='ocrx_word' id='word_1_17' title='bbox 590 208 716 246; x_wconf 85' lang='lat' dir='ltr'><strong>amice</strong></span> <span class='ocrx_word' id='word_1_18' title='bbox 745 208 854 245; x_wconf 81' lang='lat' dir='ltr'><strong>dicis.</strong></span> <span class='ocrx_word' id='word_1_19' title='bbox 913 207 953 245; x_wconf 89' lang='lat' dir='ltr'><strong>di</strong></span> <span class='ocrx_word' id='word_1_20' title='bbox 981 207 1077 245; x_wconf 91' lang='lat' dir='ltr'><strong>dent</strong></span> <span class='ocrx_word' id='word_1_21' title='bbox 1109 209 1207 256; x_wconf 77' lang='lat' dir='ltr'><strong>quae</strong></span> <span class='ocrx_word' id='word_1_22' title='bbox 1239 207 1346 246; x_wconf 87' lang='lat' dir='ltr'><strong>uelis.</strong></span> 
     </span>
    </p>

    <p class='ocr_par' dir='ltr' id='par_1_2' title="bbox 79 270 1501 516">
     <span class='ocr_line' id='line_1_4' title="bbox 79 270 1374 310; baseline -0.001 -15"><span class='ocrx_word' id='word_1_23' title='bbox 79 270 155 308; x_wconf 86' lang='lat'><strong>470</strong></span> <span class='ocrx_word' id='word_1_24' title='bbox 176 275 249 310; x_wconf 85' lang='lat' dir='ltr'><strong>GE.</strong></span> <span class='ocrx_word' id='word_1_25' title='bbox 415 272 439 295; x_wconf 46' lang='grc' dir='ltr'><strong>ἐκ</strong></span> <span class='ocrx_word' id='word_1_26' title='bbox 602 272 625 292; x_wconf 74' lang='lat'><strong>÷1÷</strong></span> <span class='ocrx_word' id='word_1_27' title='bbox 788 272 812 296; x_wconf 62' lang='grc' dir='ltr'><strong>εκ</strong></span> <span class='ocrx_word' id='word_1_28' title='bbox 975 272 1000 295; x_wconf 72' lang='lat'><strong>÷1÷</strong></span> <span class='ocrx_word' id='word_1_29' title='bbox 1164 272 1186 294; x_wconf 48' lang='grc' dir='ltr'><strong>ἦε</strong></span> <span class='ocrx_word' id='word_1_30' title='bbox 1351 272 1374 295; x_wconf 75' lang='lat'><strong>÷1÷</strong></span> 
     </span>
     <span class='ocr_line' id='line_1_5' title="bbox 174 337 1500 386; baseline 0.002 -12"><span class='ocrx_word' id='word_1_31' title='bbox 174 337 243 374; x_wconf 84' lang='lat' dir='ltr'><strong>EP.</strong></span> <span class='ocrx_word' id='word_1_32' title='bbox 304 337 454 375; x_wconf 89' lang='lat' dir='ltr'><strong>Cenem</strong></span> <span class='ocrx_word' id='word_1_33' title='bbox 484 337 536 374; x_wconf 81' lang='lat' dir='ltr'><strong>fili</strong></span> <span class='ocrx_word' id='word_1_34' title='bbox 567 344 661 386; x_wconf 85' lang='lat' dir='ltr'><strong>aput</strong></span> <span class='ocrx_word' id='word_1_35' title='bbox 691 339 757 375; x_wconf 91' lang='lat' dir='ltr'><strong>te?</strong></span> <span class='ocrx_word' id='word_1_36' title='bbox 813 338 887 375; x_wconf 83' lang='lat' dir='ltr'><strong>GE.</strong></span> <span class='ocrx_word' id='word_1_37' title='bbox 938 337 1137 385; x_wconf 83' lang='lat' dir='ltr'><strong>Quoniam</strong></span> <span class='ocrx_word' id='word_1_38' title='bbox 1168 338 1298 375; x_wconf 86' lang='lat' dir='ltr'><strong>saluos</strong></span> <span class='ocrx_word' id='word_1_39' title='bbox 1327 338 1500 377; x_wconf 76' lang='lat' dir='ltr'><strong>aduenis.</strong></span> 
     </span>
     <span class='ocr_line' id='line_1_6' title="bbox 172 391 1292 451; baseline 0.001 -12"><span class='ocrx_word' id='word_1_40' title='bbox 172 403 243 439; x_wconf 86' lang='grc' dir='ltr'>-ΕΡ,</span> <span class='ocrx_word' id='word_1_41' title='bbox 304 404 487 440; x_wconf 75' lang='lat' dir='ltr'><strong>Locatast</strong></span> <span class='ocrx_word' id='word_1_42' title='bbox 517 415 636 450; x_wconf 84' lang='lat' dir='ltr'><strong>opera</strong></span> <span class='ocrx_word' id='word_1_43' title='bbox 664 406 769 439; x_wconf 78' lang='lat' dir='ltr'><strong>nunc</strong></span> <span class='ocrx_word' id='word_1_44' title='bbox 800 403 985 450; x_wconf 89' lang='lat' dir='ltr'><strong>quidem:</strong></span> <span class='ocrx_word' id='word_1_45' title='bbox 1015 391 1094 439; x_wconf 72' lang='lat' dir='ltr'><strong>tam</strong></span> <span class='ocrx_word' id='word_1_46' title='bbox 1124 402 1292 451; x_wconf 70' lang='lat' dir='ltr'><strong>gratiast.</strong></span> 
     </span>
     <span class='ocr_line' id='line_1_7' title="bbox 173 467 1501 516; baseline 0.001 -12"><span class='ocrx_word' id='word_1_47' title='bbox 173 467 248 505; x_wconf 82' lang='lat' dir='ltr'><strong>GE.</strong></span> <span class='ocrx_word' id='word_1_48' title='bbox 306 468 507 505; x_wconf 77' lang='lat' dir='ltr'><strong>Promitte.</strong></span> <span class='ocrx_word' id='word_1_49' title='bbox 574 469 641 505; x_wconf 80' lang='grc' dir='ltr'>ΕΡ.</span> <span class='ocrx_word' id='word_1_50' title='bbox 693 469 903 505; x_wconf 82' lang='lat' dir='ltr'><strong>Certumst.</strong></span> <span class='ocrx_word' id='word_1_51' title='bbox 963 468 1036 505; x_wconf 79' lang='lat' dir='ltr'><strong>GE.</strong></span> <span class='ocrx_word' id='word_1_52' title='bbox 1087 468 1150 505; x_wconf 81' lang='lat' dir='ltr'><strong>Sic</strong></span> <span class='ocrx_word' id='word_1_53' title='bbox 1188 468 1285 514; x_wconf 85' lang='lat' dir='ltr'><strong>face,</strong></span> <span class='ocrx_word' id='word_1_54' title='bbox 1327 467 1501 516; x_wconf 86' lang='lat' dir='ltr'><strong>inquam.</strong></span> 
     </span>
    </p>

    <p class='ocr_par' dir='ltr' id='par_1_3' title="bbox 281 534 713 570">
     <span class='ocr_line' id='line_1_8' title="bbox 281 534 713 570; baseline 0.002 -1"><span class='ocrx_word' id='word_1_55' title='bbox 281 534 349 570; x_wconf 85' lang='grc' dir='ltr'>ΕΡ.</span> <span class='ocrx_word' id='word_1_56' title='bbox 411 534 481 570; x_wconf 88' lang='lat' dir='ltr'><strong>Est</strong></span> <span class='ocrx_word' id='word_1_57' title='bbox 510 534 615 570; x_wconf 87' lang='lat' dir='ltr'><strong>certa</strong></span> <span class='ocrx_word' id='word_1_58' title='bbox 643 546 713 570; x_wconf 89' lang='lat' dir='ltr'><strong>res.</strong></span> 
     </span>
    </p>
   </div>
   <div class='ocr_carea' id='block_1_2' title="bbox 77 596 1503 1426">
    <p class='ocr_par' dir='ltr' id='par_1_4' title="bbox 77 596 1503 1426">
     <span class='ocr_line' id='line_1_9' title="bbox 173 596 1502 646; baseline -0.002 -9"><span class='ocrx_word' id='word_1_59' title='bbox 173 599 247 637; x_wconf 82' lang='lat' dir='ltr'><strong>GE.</strong></span> <span class='ocrx_word' id='word_1_60' title='bbox 280 599 460 637; x_wconf 86' lang='lat' dir='ltr'><strong>Lubente</strong></span> <span class='ocrx_word' id='word_1_61' title='bbox 476 612 539 635; x_wconf 93' lang='lat' dir='ltr'><strong>me</strong></span> <span class='ocrx_word' id='word_1_62' title='bbox 553 599 682 636; x_wconf 89' lang='lat' dir='ltr'><strong>hercle</strong></span> <span class='ocrx_word' id='word_1_63' title='bbox 699 598 826 635; x_wconf 77' lang='lat' dir='ltr'><strong>facies.</strong></span> <span class='ocrx_word' id='word_1_64' title='bbox 873 598 943 635; x_wconf 85' lang='grc' dir='ltr'>ΕΡ.</span> <span class='ocrx_word' id='word_1_65' title='bbox 986 597 1098 634; x_wconf 85' lang='lat' dir='ltr'><strong>Idem</strong></span> <span class='ocrx_word' id='word_1_66' title='bbox 1115 609 1189 646; x_wconf 86' lang='lat' dir='ltr'><strong>ego</strong></span> <span class='ocrx_word' id='word_1_67' title='bbox 1205 597 1306 635; x_wconf 73' lang='lat' dir='ltr'><strong>istuc</strong></span> <span class='ocrx_word' id='word_1_68' title='bbox 1322 596 1420 636; x_wconf 85' lang='lat' dir='ltr'><strong>scio:</strong></span> <span class='ocrx_word' id='word_1_69' title='bbox 1453 611 1502 634; x_wconf 90' lang='lat'><strong>20</strong></span> 
     </span>
     <span class='ocr_line' id='line_1_10' title="bbox 79 663 870 711; baseline -0.003 -10"><span class='ocrx_word' id='word_1_70' title='bbox 79 668 152 705; x_wconf 79' lang='lat'><strong>475</strong></span> <span class='ocrx_word' id='word_1_71' title='bbox 174 664 332 711; x_wconf 85' lang='lat' dir='ltr'><strong>quando</strong></span> <span class='ocrx_word' id='word_1_72' title='bbox 362 667 454 701; x_wconf 76' lang='lat' dir='ltr'><strong>usus</strong></span> <span class='ocrx_word' id='word_1_73' title='bbox 484 663 628 709; x_wconf 75' lang='lat' dir='ltr'><strong>ueniet.</strong></span> <span class='ocrx_word' id='word_1_74' title='bbox 658 663 736 700; x_wconf 78' lang='lat' dir='ltr'><strong>fiet.</strong></span> <span class='ocrx_word' id='word_1_75' title='bbox 797 663 870 700; x_wconf 67' lang='lat' dir='ltr'><strong>GE.</strong></span> 
     </span>
     <span class='ocr_line' id='line_1_11' title="bbox 174 728 1503 778; baseline 0.002 -12"><span class='ocrx_word' id='word_1_76' title='bbox 174 730 243 766; x_wconf 86' lang='grc' dir='ltr'>ΕΡ.</span> <span class='ocrx_word' id='word_1_77' title='bbox 304 729 396 766; x_wconf 93' lang='lat' dir='ltr'><strong>Non</strong></span> <span class='ocrx_word' id='word_1_78' title='bbox 425 730 567 778; x_wconf 84' lang='lat' dir='ltr'><strong>edepol</strong></span> <span class='ocrx_word' id='word_1_79' title='bbox 596 740 768 777; x_wconf 86' lang='lat' dir='ltr'><strong>possum.</strong></span> <span class='ocrx_word' id='word_1_80' title='bbox 828 728 901 765; x_wconf 75' lang='lat' dir='ltr'><strong>GE.</strong></span> <span class='ocrx_word' id='word_1_81' title='bbox 954 728 1060 775; x_wconf 64' lang='lat' dir='ltr'><strong>Quid</strong></span> <span class='ocrx_word' id='word_1_82' title='bbox 1089 729 1278 775; x_wconf 85' lang='lat' dir='ltr'><strong>grauare?</strong></span> <span class='ocrx_word' id='word_1_83' title='bbox 1317 729 1503 768; x_wconf 87' lang='lat' dir='ltr'><strong>censeas:</strong></span> 
     </span>
     <span class='ocr_line' id='line_1_12' title="bbox 173 781 1394 842; baseline -0.002 -10"><span class='ocrx_word' id='word_1_84' title='bbox 173 795 306 832; x_wconf 82' lang='lat' dir='ltr'><strong>nescio</strong></span> <span class='ocrx_word' id='word_1_85' title='bbox 336 796 431 842; x_wconf 85' lang='lat' dir='ltr'><strong>quid</strong></span> <span class='ocrx_word' id='word_1_86' title='bbox 461 794 592 836; x_wconf 79' lang='lat' dir='ltr'><strong>†uero</strong></span> <span class='ocrx_word' id='word_1_87' title='bbox 623 794 750 831; x_wconf 75' lang='lat' dir='ltr'><strong>habeo</strong></span> <span class='ocrx_word' id='word_1_88' title='bbox 780 792 819 829; x_wconf 88' lang='lat' dir='ltr'><strong>in</strong></span> <span class='ocrx_word' id='word_1_89' title='bbox 849 792 1010 829; x_wconf 84' lang='lat' dir='ltr'><strong>mundo.</strong></span> <span class='ocrx_word' id='word_1_90' title='bbox 1070 793 1139 828; x_wconf 83' lang='grc' dir='ltr'>ΕΡ.</span> <span class='ocrx_word' id='word_1_91' title='bbox 1201 781 1219 829; x_wconf 85' lang='lat'><strong>1&#39;</strong></span> <span class='ocrx_word' id='word_1_92' title='bbox 1250 793 1394 830; x_wconf 84' lang='lat' dir='ltr'><strong>modo:</strong></span> 
     </span>
     <span class='ocr_line' id='line_1_13' title="bbox 172 856 1186 908; baseline -0.002 -12"><span class='ocrx_word' id='word_1_93' title='bbox 172 860 291 898; x_wconf 74' lang='lat' dir='ltr'><strong>alium</strong></span> <span class='ocrx_word' id='word_1_94' title='bbox 321 860 531 898; x_wconf 87' lang='lat' dir='ltr'><strong>conuiuam</strong></span> <span class='ocrx_word' id='word_1_95' title='bbox 562 859 736 908; x_wconf 78' lang='lat' dir='ltr'><strong>quaerito</strong></span> <span class='ocrx_word' id='word_1_96' title='bbox 766 857 836 895; x_wconf 90' lang='lat' dir='ltr'><strong>tibi</strong></span> <span class='ocrx_word' id='word_1_97' title='bbox 865 856 905 895; x_wconf 93' lang='lat' dir='ltr'><strong>in</strong></span> <span class='ocrx_word' id='word_1_98' title='bbox 935 858 1040 894; x_wconf 77' lang='lat' dir='ltr'><strong>hunc</strong></span> <span class='ocrx_word' id='word_1_99' title='bbox 1070 858 1186 894; x_wconf 86' lang='lat' dir='ltr'><strong>diem.</strong></span> 
     </span>
     <span class='ocr_line' id='line_1_14' title="bbox 172 921 1499 973; baseline -0.003 -10"><span class='ocrx_word' id='word_1_100' title='bbox 172 926 248 964; x_wconf 87' lang='lat' dir='ltr'><strong>GE.</strong></span> <span class='ocrx_word' id='word_1_101' title='bbox 307 925 412 973; x_wconf 89' lang='lat' dir='ltr'><strong>Quin</strong></span> <span class='ocrx_word' id='word_1_102' title='bbox 434 928 476 962; x_wconf 78' lang='lat' dir='ltr'><strong>tu</strong></span> <span class='ocrx_word' id='word_1_103' title='bbox 497 923 720 973; x_wconf 86' lang='lat' dir='ltr'><strong>promittis?</strong></span> <span class='ocrx_word' id='word_1_104' title='bbox 777 925 846 960; x_wconf 85' lang='grc' dir='ltr'>ΕΡ.</span> <span class='ocrx_word' id='word_1_105' title='bbox 891 923 983 960; x_wconf 80' lang='lat' dir='ltr'><strong>Non</strong></span> <span class='ocrx_word' id='word_1_106' title='bbox 1003 935 1151 972; x_wconf 84' lang='lat' dir='ltr'><strong>grauer,</strong></span> <span class='ocrx_word' id='word_1_107' title='bbox 1174 921 1205 960; x_wconf 89' lang='lat' dir='ltr'><strong>si</strong></span> <span class='ocrx_word' id='word_1_108' title='bbox 1227 921 1409 971; x_wconf 78' lang='lat' dir='ltr'><strong>possiem.</strong></span> <span class='ocrx_word' id='word_1_109' title='bbox 1452 933 1499 972; x_wconf 88' lang='lat'><strong>25</strong></span> 
     </span>
     <span class='ocr_line' id='line_1_15' title="bbox 77 987 1268 1039; baseline -0.001 -13"><span class='ocrx_word' id='word_1_110' title='bbox 77 988 152 1026; x_wconf 83' lang='lat'><strong>480</strong></span> <span class='ocrx_word' id='word_1_111' title='bbox 174 991 246 1028; x_wconf 80' lang='lat' dir='ltr'><strong>GE.</strong></span> <span class='ocrx_word' id='word_1_112' title='bbox 306 990 441 1027; x_wconf 80' lang='lat' dir='ltr'><strong>Vnum</strong></span> <span class='ocrx_word' id='word_1_113' title='bbox 472 990 631 1039; x_wconf 87' lang='lat' dir='ltr'><strong>quidem</strong></span> <span class='ocrx_word' id='word_1_114' title='bbox 662 990 792 1027; x_wconf 89' lang='lat' dir='ltr'><strong>hercle</strong></span> <span class='ocrx_word' id='word_1_115' title='bbox 821 989 925 1026; x_wconf 88' lang='lat' dir='ltr'><strong>certe</strong></span> <span class='ocrx_word' id='word_1_116' title='bbox 954 987 1143 1037; x_wconf 78' lang='lat' dir='ltr'><strong>promitto</strong></span> <span class='ocrx_word' id='word_1_117' title='bbox 1173 987 1268 1025; x_wconf 87' lang='lat' dir='ltr'><strong>tibi:</strong></span> 
     </span>
     <span class='ocr_line' id='line_1_16' title="bbox 172 1053 1026 1104; baseline -0.004 -12"><span class='ocrx_word' id='word_1_118' title='bbox 172 1056 311 1094; x_wconf 89' lang='lat' dir='ltr'><strong>lubens</strong></span> <span class='ocrx_word' id='word_1_119' title='bbox 341 1056 533 1104; x_wconf 81' lang='lat' dir='ltr'><strong>accipiam</strong></span> <span class='ocrx_word' id='word_1_120' title='bbox 563 1057 680 1102; x_wconf 89' lang='lat' dir='ltr'><strong>certo,</strong></span> <span class='ocrx_word' id='word_1_121' title='bbox 711 1054 742 1091; x_wconf 87' lang='lat' dir='ltr'><strong>si</strong></span> <span class='ocrx_word' id='word_1_122' title='bbox 771 1053 1026 1103; x_wconf 79' lang='lat' dir='ltr'><strong>promisseris.</strong></span> 
     </span>
     <span class='ocr_line' id='line_1_17' title="bbox 173 1117 1500 1158; baseline -0.002 -1"><span class='ocrx_word' id='word_1_123' title='bbox 173 1121 243 1158; x_wconf 87' lang='grc' dir='ltr'>ΕΡ.</span> <span class='ocrx_word' id='word_1_124' title='bbox 274 1121 431 1158; x_wconf 73' lang='lat' dir='ltr'><strong>Valeas.</strong></span> <span class='ocrx_word' id='word_1_125' title='bbox 474 1122 546 1158; x_wconf 85' lang='lat' dir='ltr'><strong>GE.</strong></span> <span class='ocrx_word' id='word_1_126' title='bbox 581 1119 860 1158; x_wconf 84' lang='lat' dir='ltr'><strong>Certumnest?</strong></span> <span class='ocrx_word' id='word_1_127' title='bbox 890 1119 960 1156; x_wconf 85' lang='grc' dir='ltr'>ΕΡ.</span> <span class='ocrx_word' id='word_1_128' title='bbox 997 1119 1177 1156; x_wconf 77' lang='lat' dir='ltr'><strong>Certum:</strong></span> <span class='ocrx_word' id='word_1_129' title='bbox 1205 1117 1358 1155; x_wconf 76' lang='lat' dir='ltr'><strong>cenabo</strong></span> <span class='ocrx_word' id='word_1_130' title='bbox 1378 1117 1500 1155; x_wconf 87' lang='lat' dir='ltr'><strong>domi.</strong></span> 
     </span>
     <span class='ocr_line' id='line_1_18' title="bbox 173 1180 1240 1234; baseline -0.003 -11"><span class='ocrx_word' id='word_1_131' title='bbox 173 1186 246 1223; x_wconf 81' lang='lat' dir='ltr'><strong>GE.</strong></span> <span class='ocrx_word' id='word_1_132' title='bbox 304 1184 366 1223; x_wconf 91' lang='lat' dir='ltr'><strong>Sic</strong></span> <span class='ocrx_word' id='word_1_133' title='bbox 395 1185 582 1234; x_wconf 78' lang='lat' dir='ltr'><strong>quoniam</strong></span> <span class='ocrx_word' id='word_1_134' title='bbox 612 1184 666 1222; x_wconf 91' lang='lat' dir='ltr'><strong>nil</strong></span> <span class='ocrx_word' id='word_1_135' title='bbox 695 1182 895 1233; x_wconf 77' lang='lat' dir='ltr'><strong>processit,</strong></span> <span class='ocrx_word' id='word_1_136' title='bbox 929 1180 1075 1234; x_wconf 79' lang='lat' dir='ltr'><strong>[igitur]</strong></span> <span class='ocrx_word' id='word_1_137' title='bbox 1107 1182 1240 1220; x_wconf 77' lang='lat' dir='ltr'><strong>adiero</strong></span> 
     </span>
     <span class='ocr_line' id='line_1_19' title="bbox 172 1249 1004 1300; baseline -0.004 -13"><span class='ocrx_word' id='word_1_138' title='bbox 172 1249 363 1300; x_wconf 78' lang='lat' dir='ltr'><strong>apertiore</strong></span> <span class='ocrx_word' id='word_1_139' title='bbox 393 1250 513 1300; x_wconf 73' lang='lat' dir='ltr'><strong>magis</strong></span> <span class='ocrx_word' id='word_1_140' title='bbox 542 1250 607 1288; x_wconf 88' lang='lat' dir='ltr'><strong>uia</strong></span> <span class='ocrx_word' id='word_1_141' title='bbox 634 1263 680 1287; x_wconf 90' lang='lat' dir='ltr'><strong>ac</strong></span> <span class='ocrx_word' id='word_1_142' title='bbox 709 1249 827 1299; x_wconf 86' lang='lat' dir='ltr'><strong>plane</strong></span> <span class='ocrx_word' id='word_1_143' title='bbox 856 1249 1004 1297; x_wconf 84' lang='lat' dir='ltr'><strong>loquar.</strong></span> 
     </span>
     <span class='ocr_line' id='line_1_20' title="bbox 77 1312 1248 1365; baseline -0.002 -13"><span class='ocrx_word' id='word_1_144' title='bbox 77 1315 151 1353; x_wconf 87' lang='lat'><strong>485</strong></span> <span class='ocrx_word' id='word_1_145' title='bbox 173 1315 497 1365; x_wconf 81' lang='lat' dir='ltr'><strong>quandoquidem</strong></span> <span class='ocrx_word' id='word_1_146' title='bbox 526 1323 608 1353; x_wconf 88' lang='lat' dir='ltr'><strong>tute</strong></span> <span class='ocrx_word' id='word_1_147' title='bbox 635 1315 687 1352; x_wconf 87' lang='lat' dir='ltr'><strong>ad</strong></span> <span class='ocrx_word' id='word_1_148' title='bbox 716 1315 778 1352; x_wconf 88' lang='lat' dir='ltr'><strong>me</strong></span> <span class='ocrx_word' id='word_1_149' title='bbox 808 1325 888 1350; x_wconf 92' lang='lat' dir='ltr'><strong>non</strong></span> <span class='ocrx_word' id='word_1_150' title='bbox 918 1312 976 1350; x_wconf 89' lang='lat' dir='ltr'><strong>uis</strong></span> <span class='ocrx_word' id='word_1_151' title='bbox 1006 1313 1248 1361; x_wconf 81' lang='lat' dir='ltr'><strong>promittere,</strong></span> 
     </span>
     <span class='ocr_line' id='line_1_21' title="bbox 172 1375 1502 1426; baseline -0.002 -9"><span class='ocrx_word' id='word_1_152' title='bbox 172 1379 239 1417; x_wconf 89' lang='lat' dir='ltr'><strong>uin</strong></span> <span class='ocrx_word' id='word_1_153' title='bbox 268 1380 319 1418; x_wconf 74' lang='lat' dir='ltr'><strong>ad</strong></span> <span class='ocrx_word' id='word_1_154' title='bbox 348 1388 387 1419; x_wconf 86' lang='lat' dir='ltr'><strong>te</strong></span> <span class='ocrx_word' id='word_1_155' title='bbox 414 1382 467 1419; x_wconf 90' lang='lat' dir='ltr'><strong>ad</strong></span> <span class='ocrx_word' id='word_1_156' title='bbox 495 1393 634 1419; x_wconf 87' lang='lat' dir='ltr'><strong>cenam</strong></span> <span class='ocrx_word' id='word_1_157' title='bbox 664 1379 851 1418; x_wconf 87' lang='lat' dir='ltr'><strong>ueniam?</strong></span> <span class='ocrx_word' id='word_1_158' title='bbox 907 1380 977 1416; x_wconf 80' lang='grc' dir='ltr'>ΕΡ.</span> <span class='ocrx_word' id='word_1_159' title='bbox 1027 1377 1065 1416; x_wconf 90' lang='lat' dir='ltr'><strong>Si</strong></span> <span class='ocrx_word' id='word_1_160' title='bbox 1094 1377 1228 1426; x_wconf 79' lang='lat' dir='ltr'><strong>possit,</strong></span> <span class='ocrx_word' id='word_1_161' title='bbox 1259 1375 1403 1416; x_wconf 91' lang='lat' dir='ltr'><strong>uelim:</strong></span> <span class='ocrx_word' id='word_1_162' title='bbox 1451 1389 1502 1426; x_wconf 84' lang='lat'><strong>30</strong></span> 
     </span>
    </p>
   </div>
   <div class='ocr_carea' id='block_1_3' title="bbox 924 663 1384 711">
    <p class='ocr_par' dir='ltr' id='par_1_5' title="bbox 924 663 1384 711">
     <span class='ocr_line' id='line_1_22' title="bbox 924 663 1384 711; baseline 0.002 -13"><span class='ocrx_word' id='word_1_163' title='bbox 924 663 1041 699; x_wconf 89' lang='lat' dir='ltr'><strong>Nunc</strong></span> <span class='ocrx_word' id='word_1_164' title='bbox 1072 675 1163 711; x_wconf 83' lang='lat' dir='ltr'><strong>ergo</strong></span> <span class='ocrx_word' id='word_1_165' title='bbox 1194 666 1286 699; x_wconf 79' lang='lat' dir='ltr'><strong>usus</strong></span> <span class='ocrx_word' id='word_1_166' title='bbox 1316 672 1384 700; x_wconf 86' lang='lat' dir='ltr'><strong>est.</strong></span> 
     </span>
    </p>
   </div>
   <div class='ocr_carea' id='block_1_4' title="bbox 169 1505 811 2278">
    <p class='ocr_par' dir='ltr' id='par_1_6' title="bbox 172 1505 808 1591">
     <span class='ocr_line' id='line_1_23' title="bbox 172 1505 808 1547; baseline -0.003 -9"><span class='ocrx_word' id='word_1_167' title='bbox 172 1508 254 1538; x_wconf 89' lang='lat' dir='ltr'><strong>dulo</strong></span> <span class='ocrx_word' id='word_1_168' title='bbox 291 1507 328 1538; x_wconf 92' lang='lat' dir='ltr'><strong>‘I</strong></span> <span class='ocrx_word' id='word_1_169' title='bbox 361 1506 445 1538; x_wconf 90' lang='lat' dir='ltr'><strong>have</strong></span> <span class='ocrx_word' id='word_1_170' title='bbox 478 1506 559 1547; x_wconf 84' lang='lat' dir='ltr'><strong>kept</strong></span> <span class='ocrx_word' id='word_1_171' title='bbox 590 1516 635 1547; x_wconf 90' lang='lat' dir='ltr'><strong>up</strong></span> <span class='ocrx_word' id='word_1_172' title='bbox 670 1505 808 1536; x_wconf 89' lang='lat' dir='ltr'><strong>without</strong></span> 
     </span>
     <span class='ocr_line' id='line_1_24' title="bbox 172 1550 369 1591; baseline -0.005 -10"><span class='ocrx_word' id='word_1_173' title='bbox 172 1560 236 1590; x_wconf 86' lang='lat' dir='ltr'><strong>any</strong></span> <span class='ocrx_word' id='word_1_174' title='bbox 255 1550 369 1591; x_wconf 62' lang='lat' dir='ltr'><strong>lapse!</strong></span> 
     </span>
    </p>

    <p class='ocr_par' dir='ltr' id='par_1_7' title="bbox 173 1593 806 1676">
     <span class='ocr_line' id='line_1_25' title="bbox 215 1593 806 1633; baseline -0.005 -9"><span class='ocrx_word' id='word_1_175' title='bbox 215 1597 285 1624; x_wconf 85' lang='grc'>468.</span> <span class='ocrx_word' id='word_1_176' title='bbox 333 1593 386 1624; x_wconf 81' lang='lat' dir='ltr'><strong>Cf.</strong></span> <span class='ocrx_word' id='word_1_177' title='bbox 410 1604 440 1624; x_wconf 84' lang='lat' dir='ltr'><strong>v.</strong></span> <span class='ocrx_word' id='word_1_178' title='bbox 471 1603 544 1633; x_wconf 85' lang='lat'><strong>4²5·</strong></span> <span class='ocrx_word' id='word_1_179' title='bbox 590 1595 705 1629; x_wconf 77' lang='lat' dir='ltr'><strong>plenis</strong></span> <span class='ocrx_word' id='word_1_180' title='bbox 731 1593 806 1622; x_wconf 83' lang='lat' dir='ltr'><strong>fau-</strong></span> 
     </span>
     <span class='ocr_line' id='line_1_26' title="bbox 173 1634 576 1676; baseline -0.007 -8"><span class='ocrx_word' id='word_1_181' title='bbox 173 1637 271 1668; x_wconf 80' lang='lat' dir='ltr'><strong>cibus</strong></span> <span class='ocrx_word' id='word_1_182' title='bbox 305 1637 365 1667; x_wconf 91' lang='lat' dir='ltr'><strong>‘In</strong></span> <span class='ocrx_word' id='word_1_183' title='bbox 381 1647 400 1667; x_wconf 89' lang='lat' dir='ltr'><strong>a</strong></span> <span class='ocrx_word' id='word_1_184' title='bbox 414 1634 576 1676; x_wconf 86' lang='lat' dir='ltr'><strong>bumper.&#39;</strong></span> 
     </span>
    </p>

    <p class='ocr_par' dir='ltr' id='par_1_8' title="bbox 171 1677 811 1925">
     <span class='ocr_line' id='line_1_27' title="bbox 215 1677 801 1720; baseline -0.007 -10"><span class='ocrx_word' id='word_1_185' title='bbox 215 1682 287 1710; x_wconf 87' lang='grc'>471.</span> <span class='ocrx_word' id='word_1_186' title='bbox 332 1681 388 1710; x_wconf 77' lang='lat' dir='ltr'><strong>mi</strong></span> <span class='ocrx_word' id='word_1_187' title='bbox 430 1679 628 1720; x_wconf 84' lang='lat' dir='ltr'><strong>Equivalent</strong></span> <span class='ocrx_word' id='word_1_188' title='bbox 659 1684 693 1708; x_wconf 92' lang='lat' dir='ltr'><strong>to</strong></span> <span class='ocrx_word' id='word_1_189' title='bbox 724 1677 801 1714; x_wconf 79' lang='lat' dir='ltr'><strong>illic,</strong></span> 
     </span>
     <span class='ocr_line' id='line_1_28' title="bbox 174 1719 806 1761; baseline -0.005 -8"><span class='ocrx_word' id='word_1_190' title='bbox 174 1721 215 1754; x_wconf 88' lang='lat' dir='ltr'><strong>cf.</strong></span> <span class='ocrx_word' id='word_1_191' title='bbox 229 1722 311 1752; x_wconf 74' lang='lat' dir='ltr'><strong>Mil.</strong></span> <span class='ocrx_word' id='word_1_192' title='bbox 326 1732 354 1752; x_wconf 81' lang='lat'><strong>2.</strong></span> <span class='ocrx_word' id='word_1_193' title='bbox 370 1732 398 1761; x_wconf 79' lang='lat'><strong>3.</strong></span> <span class='ocrx_word' id='word_1_194' title='bbox 418 1722 464 1759; x_wconf 87' lang='lat'><strong>16,</strong></span> <span class='ocrx_word' id='word_1_195' title='bbox 483 1726 575 1752; x_wconf 89' lang='lat' dir='ltr'><strong>‘over</strong></span> <span class='ocrx_word' id='word_1_196' title='bbox 587 1719 702 1751; x_wconf 90' lang='lat' dir='ltr'><strong>there.&#39;</strong></span> <span class='ocrx_word' id='word_1_197' title='bbox 733 1720 806 1750; x_wconf 88' lang='lat' dir='ltr'><strong>The</strong></span> 
     </span>
     <span class='ocr_line' id='line_1_29' title="bbox 174 1762 811 1806; baseline -0.006 -10"><span class='ocrx_word' id='word_1_198' title='bbox 174 1766 325 1806; x_wconf 89' lang='lat' dir='ltr'><strong>question</strong></span> <span class='ocrx_word' id='word_1_199' title='bbox 352 1765 379 1795; x_wconf 91' lang='lat' dir='ltr'><strong>is</strong></span> <span class='ocrx_word' id='word_1_200' title='bbox 406 1765 508 1795; x_wconf 81' lang='lat' dir='ltr'><strong>asked</strong></span> <span class='ocrx_word' id='word_1_201' title='bbox 533 1763 612 1794; x_wconf 89' lang='lat' dir='ltr'><strong>with</strong></span> <span class='ocrx_word' id='word_1_202' title='bbox 640 1774 681 1793; x_wconf 90' lang='lat' dir='ltr'><strong>an</strong></span> <span class='ocrx_word' id='word_1_203' title='bbox 705 1762 753 1793; x_wconf 90' lang='lat' dir='ltr'><strong>air</strong></span> <span class='ocrx_word' id='word_1_204' title='bbox 773 1762 811 1793; x_wconf 86' lang='lat' dir='ltr'><strong>of</strong></span> 
     </span>
     <span class='ocr_line' id='line_1_30' title="bbox 173 1804 805 1849; baseline -0.006 -10"><span class='ocrx_word' id='word_1_205' title='bbox 173 1814 424 1848; x_wconf 87' lang='lat' dir='ltr'><strong>contemptuous</strong></span> <span class='ocrx_word' id='word_1_206' title='bbox 434 1808 585 1849; x_wconf 86' lang='lat' dir='ltr'><strong>surprise.</strong></span> <span class='ocrx_word' id='word_1_207' title='bbox 610 1804 805 1837; x_wconf 79' lang='lat' dir='ltr'><strong>Gelasimus’</strong></span> 
     </span>
     <span class='ocr_line' id='line_1_31' title="bbox 171 1848 806 1892; baseline -0.008 -10"><span class='ocrx_word' id='word_1_208' title='bbox 171 1850 308 1892; x_wconf 87' lang='lat' dir='ltr'><strong>lodging</strong></span> <span class='ocrx_word' id='word_1_209' title='bbox 324 1851 435 1882; x_wconf 89' lang='lat' dir='ltr'><strong>would</strong></span> <span class='ocrx_word' id='word_1_210' title='bbox 456 1852 496 1881; x_wconf 86' lang='lat' dir='ltr'><strong>be</strong></span> <span class='ocrx_word' id='word_1_211' title='bbox 516 1850 551 1881; x_wconf 86' lang='lat' dir='ltr'><strong>in</strong></span> <span class='ocrx_word' id='word_1_212' title='bbox 572 1860 592 1880; x_wconf 89' lang='lat' dir='ltr'><strong>a</strong></span> <span class='ocrx_word' id='word_1_213' title='bbox 612 1850 676 1880; x_wconf 91' lang='lat' dir='ltr'><strong>low</strong></span> <span class='ocrx_word' id='word_1_214' title='bbox 694 1848 806 1889; x_wconf 81' lang='lat' dir='ltr'><strong>neigh-</strong></span> 
     </span>
     <span class='ocr_line' id='line_1_32' title="bbox 172 1894 358 1925; baseline -0.005 0"><span class='ocrx_word' id='word_1_215' title='bbox 172 1894 358 1925; x_wconf 87' lang='lat' dir='ltr'><strong>bourhood.</strong></span> 
     </span>
    </p>

    <p class='ocr_par' dir='ltr' id='par_1_9' title="bbox 169 1935 807 2278">
     <span class='ocr_line' id='line_1_33' title="bbox 216 1935 806 1973; baseline -0.008 -4"><span class='ocrx_word' id='word_1_216' title='bbox 216 1941 287 1968; x_wconf 86' lang='grc'>472.</span> <span class='ocrx_word' id='word_1_217' title='bbox 334 1939 496 1967; x_wconf 77' lang='lat' dir='ltr'><strong>Locatast</strong></span> <span class='ocrx_word' id='word_1_218' title='bbox 527 1935 572 1968; x_wconf 89' lang='lat' dir='ltr'><strong>So</strong></span> <span class='ocrx_word' id='word_1_219' title='bbox 589 1935 640 1973; x_wconf 91' lang='lat' dir='ltr'><strong>A;</strong></span> <span class='ocrx_word' id='word_1_220' title='bbox 663 1939 728 1965; x_wconf 87' lang='lat' dir='ltr'><strong>rest</strong></span> <span class='ocrx_word' id='word_1_221' title='bbox 752 1935 806 1964; x_wconf 88' lang='lat' dir='ltr'><strong>Vo-</strong></span> 
     </span>
     <span class='ocr_line' id='line_1_34' title="bbox 171 1976 806 2020; baseline -0.006 -9"><span class='ocrx_word' id='word_1_222' title='bbox 171 1984 243 2011; x_wconf 84' lang='lat' dir='ltr'><strong>cata</strong></span> <span class='ocrx_word' id='word_1_223' title='bbox 257 1984 309 2011; x_wconf 83' lang='lat' dir='ltr'><strong>est.</strong></span> <span class='ocrx_word' id='word_1_224' title='bbox 348 1980 421 2020; x_wconf 90' lang='lat' dir='ltr'><strong>‘My</strong></span> <span class='ocrx_word' id='word_1_225' title='bbox 433 1979 573 2010; x_wconf 85' lang='lat' dir='ltr'><strong>services</strong></span> <span class='ocrx_word' id='word_1_226' title='bbox 588 1989 642 2008; x_wconf 86' lang='lat' dir='ltr'><strong>are</strong></span> <span class='ocrx_word' id='word_1_227' title='bbox 659 1976 806 2018; x_wconf 83' lang='lat' dir='ltr'><strong>engaged</strong></span> 
     </span>
     <span class='ocr_line' id='line_1_35' title="bbox 172 2020 805 2063; baseline -0.005 -10"><span class='ocrx_word' id='word_1_228' title='bbox 172 2029 205 2053; x_wconf 90' lang='lat' dir='ltr'><strong>at</strong></span> <span class='ocrx_word' id='word_1_229' title='bbox 222 2021 376 2063; x_wconf 88' lang='lat' dir='ltr'><strong>present.’</strong></span> <span class='ocrx_word' id='word_1_230' title='bbox 423 2022 472 2053; x_wconf 89' lang='lat' dir='ltr'><strong>Cf.</strong></span> <span class='ocrx_word' id='word_1_231' title='bbox 499 2022 594 2052; x_wconf 76' lang='lat' dir='ltr'><strong>Trin.</strong></span> <span class='ocrx_word' id='word_1_232' title='bbox 615 2035 642 2059; x_wconf 79' lang='lat'><strong>4.</strong></span> <span class='ocrx_word' id='word_1_233' title='bbox 662 2031 690 2051; x_wconf 83' lang='lat'><strong>2.</strong></span> <span class='ocrx_word' id='word_1_234' title='bbox 711 2020 730 2051; x_wconf 89' lang='lat'><strong>6</strong></span> <span class='ocrx_word' id='word_1_235' title='bbox 753 2029 805 2059; x_wconf 71' lang='lat' dir='ltr'><strong>ego</strong></span> 
     </span>
     <span class='ocr_line' id='line_1_36' title="bbox 172 2063 807 2106; baseline -0.006 -10"><span class='ocrx_word' id='word_1_236' title='bbox 172 2071 301 2106; x_wconf 78' lang='lat' dir='ltr'><strong>operam</strong></span> <span class='ocrx_word' id='word_1_237' title='bbox 325 2076 429 2095; x_wconf 84' lang='lat' dir='ltr'><strong>meam</strong></span> <span class='ocrx_word' id='word_1_238' title='bbox 452 2064 558 2095; x_wconf 71' lang='lat' dir='ltr'><strong>tribus</strong></span> <span class='ocrx_word' id='word_1_239' title='bbox 580 2064 694 2093; x_wconf 79' lang='lat' dir='ltr'><strong>numis</strong></span> <span class='ocrx_word' id='word_1_240' title='bbox 716 2063 807 2093; x_wconf 76' lang='lat' dir='ltr'><strong>hodie</strong></span> 
     </span>
     <span class='ocr_line' id='line_1_37' title="bbox 171 2107 805 2147; baseline -0.005 -9"><span class='ocrx_word' id='word_1_241' title='bbox 171 2109 281 2138; x_wconf 79' lang='lat' dir='ltr'><strong>locaui</strong></span> <span class='ocrx_word' id='word_1_242' title='bbox 304 2108 350 2138; x_wconf 83' lang='lat' dir='ltr'><strong>ad</strong></span> <span class='ocrx_word' id='word_1_243' title='bbox 371 2112 457 2138; x_wconf 76' lang='lat' dir='ltr'><strong>artes</strong></span> <span class='ocrx_word' id='word_1_244' title='bbox 482 2107 681 2147; x_wconf 74' lang='lat' dir='ltr'><strong>nugatorias.</strong></span> <span class='ocrx_word' id='word_1_245' title='bbox 729 2109 805 2136; x_wconf 78' lang='lat' dir='ltr'><strong>tam</strong></span> 
     </span>
     <span class='ocr_line' id='line_1_38' title="bbox 173 2148 804 2192; baseline -0.005 -10"><span class='ocrx_word' id='word_1_246' title='bbox 173 2151 372 2192; x_wconf 85' lang='lat' dir='ltr'><strong>Equivalent</strong></span> <span class='ocrx_word' id='word_1_247' title='bbox 399 2156 432 2180; x_wconf 92' lang='lat' dir='ltr'><strong>to</strong></span> <span class='ocrx_word' id='word_1_248' title='bbox 459 2155 576 2187; x_wconf 68' lang='lat' dir='ltr'><strong>tamen,</strong></span> <span class='ocrx_word' id='word_1_249' title='bbox 607 2148 648 2180; x_wconf 88' lang='lat' dir='ltr'><strong>cf.</strong></span> <span class='ocrx_word' id='word_1_250' title='bbox 675 2159 729 2180; x_wconf 83' lang='lat' dir='ltr'><strong>vv.</strong></span> <span class='ocrx_word' id='word_1_251' title='bbox 753 2158 804 2186; x_wconf 83' lang='lat'><strong>27,</strong></span> 
     </span>
     <span class='ocr_line' id='line_1_39' title="bbox 170 2190 804 2235; baseline -0.008 -10"><span class='ocrx_word' id='word_1_252' title='bbox 170 2205 223 2234; x_wconf 80' lang='lat'><strong>43,</strong></span> <span class='ocrx_word' id='word_1_253' title='bbox 245 2195 313 2235; x_wconf 88' lang='lat' dir='ltr'><strong>‘yet</strong></span> <span class='ocrx_word' id='word_1_254' title='bbox 330 2193 345 2223; x_wconf 90' lang='lat' dir='ltr'>I</span> <span class='ocrx_word' id='word_1_255' title='bbox 364 2192 467 2224; x_wconf 87' lang='lat' dir='ltr'><strong>thank</strong></span> <span class='ocrx_word' id='word_1_256' title='bbox 482 2203 547 2233; x_wconf 85' lang='lat' dir='ltr'><strong>you</strong></span> <span class='ocrx_word' id='word_1_257' title='bbox 562 2191 606 2222; x_wconf 90' lang='lat' dir='ltr'><strong>all</strong></span> <span class='ocrx_word' id='word_1_258' title='bbox 621 2191 676 2222; x_wconf 88' lang='lat' dir='ltr'><strong>the</strong></span> <span class='ocrx_word' id='word_1_259' title='bbox 691 2190 804 2222; x_wconf 84' lang='lat' dir='ltr'><strong>same.’</strong></span> 
     </span>
     <span class='ocr_line' id='line_1_40' title="bbox 169 2235 805 2278; baseline -0.008 -10"><span class='ocrx_word' id='word_1_260' title='bbox 169 2236 244 2268; x_wconf 93' lang='lat' dir='ltr'><strong>The</strong></span> <span class='ocrx_word' id='word_1_261' title='bbox 270 2237 398 2278; x_wconf 82' lang='lat' dir='ltr'><strong>phrase,</strong></span> <span class='ocrx_word' id='word_1_262' title='bbox 419 2240 486 2266; x_wconf 82' lang='lat' dir='ltr'><strong>tam</strong></span> <span class='ocrx_word' id='word_1_263' title='bbox 513 2235 663 2276; x_wconf 74' lang='lat' dir='ltr'><strong>graliast,</strong></span> <span class='ocrx_word' id='word_1_264' title='bbox 692 2243 805 2264; x_wconf 84' lang='lat' dir='ltr'><strong>means</strong></span> 
     </span>
    </p>
   </div>
   <div class='ocr_carea' id='block_1_5' title="bbox 870 1502 1508 2221">
    <p class='ocr_par' dir='ltr' id='par_1_10' title="bbox 871 1502 1502 1586">
     <span class='ocr_line' id='line_1_41' title="bbox 871 1502 1502 1545; baseline -0.002 -10"><span class='ocrx_word' id='word_1_265' title='bbox 871 1507 939 1545; x_wconf 87' lang='lat' dir='ltr'><strong>‘yet</strong></span> <span class='ocrx_word' id='word_1_266' title='bbox 957 1505 971 1534; x_wconf 91' lang='lat'>1</span> <span class='ocrx_word' id='word_1_267' title='bbox 995 1504 1122 1534; x_wconf 81' lang='lat' dir='ltr'><strong>decline</strong></span> <span class='ocrx_word' id='word_1_268' title='bbox 1142 1503 1221 1534; x_wconf 87' lang='lat' dir='ltr'><strong>with</strong></span> <span class='ocrx_word' id='word_1_269' title='bbox 1244 1502 1387 1539; x_wconf 87' lang='lat' dir='ltr'><strong>thanks‚’</strong></span> <span class='ocrx_word' id='word_1_270' title='bbox 1407 1504 1502 1534; x_wconf 81' lang='lat' dir='ltr'><strong>Men.</strong></span> 
     </span>
     <span class='ocr_line' id='line_1_42' title="bbox 872 1557 1017 1586; baseline -0.021 -8"><span class='ocrx_word' id='word_1_271' title='bbox 872 1558 898 1578; x_wconf 79' lang='lat'><strong>2.</strong></span> <span class='ocrx_word' id='word_1_272' title='bbox 919 1557 947 1586; x_wconf 78' lang='lat'><strong>3.</strong></span> <span class='ocrx_word' id='word_1_273' title='bbox 966 1558 1017 1583; x_wconf 80' lang='lat'><strong>41·</strong></span> 
     </span>
    </p>

    <p class='ocr_par' dir='ltr' id='par_1_11' title="bbox 870 1589 1504 1716">
     <span class='ocr_line' id='line_1_43' title="bbox 913 1589 1502 1620; baseline -0.002 0"><span class='ocrx_word' id='word_1_274' title='bbox 913 1594 984 1620; x_wconf 90' lang='grc'>473.</span> <span class='ocrx_word' id='word_1_275' title='bbox 1032 1592 1207 1620; x_wconf 74' lang='lat' dir='ltr'><strong>certumst</strong></span> <span class='ocrx_word' id='word_1_276' title='bbox 1253 1589 1286 1620; x_wconf 86' lang='lat'><strong>‘1</strong></span> <span class='ocrx_word' id='word_1_277' title='bbox 1325 1589 1408 1620; x_wconf 90' lang='lat' dir='ltr'><strong>have</strong></span> <span class='ocrx_word' id='word_1_278' title='bbox 1446 1589 1502 1619; x_wconf 89' lang='lat' dir='ltr'><strong>de-</strong></span> 
     </span>
     <span class='ocr_line' id='line_1_44' title="bbox 870 1630 1504 1673; baseline -0.003 -9"><span class='ocrx_word' id='word_1_279' title='bbox 870 1632 986 1668; x_wconf 85' lang='lat' dir='ltr'><strong>cided,’</strong></span> <span class='ocrx_word' id='word_1_280' title='bbox 1009 1634 1016 1647; x_wconf 89' lang='lat'>‘</span> <span class='ocrx_word' id='word_1_281' title='bbox 1030 1633 1059 1663; x_wconf 92' lang='lat' dir='ltr'><strong>It</strong></span> <span class='ocrx_word' id='word_1_282' title='bbox 1072 1632 1099 1663; x_wconf 88' lang='lat' dir='ltr'><strong>is</strong></span> <span class='ocrx_word' id='word_1_283' title='bbox 1115 1630 1258 1670; x_wconf 86' lang='lat' dir='ltr'><strong>settled,’</strong></span> <span class='ocrx_word' id='word_1_284' title='bbox 1275 1632 1322 1664; x_wconf 85' lang='lat' dir='ltr'><strong>z&#39;.e.</strong></span> <span class='ocrx_word' id='word_1_285' title='bbox 1342 1632 1398 1663; x_wconf 87' lang='lat' dir='ltr'><strong>the</strong></span> <span class='ocrx_word' id='word_1_286' title='bbox 1414 1633 1504 1673; x_wconf 89' lang='lat' dir='ltr'><strong>prior</strong></span> 
     </span>
     <span class='ocr_line' id='line_1_45' title="bbox 871 1675 1355 1716; baseline -0.002 -10"><span class='ocrx_word' id='word_1_287' title='bbox 871 1681 1088 1716; x_wconf 76' lang='lat' dir='ltr'><strong>engagement</strong></span> <span class='ocrx_word' id='word_1_288' title='bbox 1106 1682 1191 1705; x_wconf 89' lang='lat' dir='ltr'><strong>must</strong></span> <span class='ocrx_word' id='word_1_289' title='bbox 1208 1675 1248 1706; x_wconf 92' lang='lat' dir='ltr'><strong>be</strong></span> <span class='ocrx_word' id='word_1_290' title='bbox 1264 1675 1355 1716; x_wconf 89' lang='lat' dir='ltr'><strong>kept.</strong></span> 
     </span>
    </p>

    <p class='ocr_par' dir='ltr' id='par_1_12' title="bbox 870 1717 1502 1845">
     <span class='ocr_line' id='line_1_46' title="bbox 913 1717 1501 1758; baseline -0.003 -9"><span class='ocrx_word' id='word_1_291' title='bbox 913 1723 983 1749; x_wconf 89' lang='grc'>474.</span> <span class='ocrx_word' id='word_1_292' title='bbox 1030 1718 1081 1749; x_wconf 90' lang='lat' dir='ltr'><strong>Cf.</strong></span> <span class='ocrx_word' id='word_1_293' title='bbox 1104 1719 1194 1748; x_wconf 71' lang='lat' dir='ltr'><strong>Alen.</strong></span> <span class='ocrx_word' id='word_1_294' title='bbox 1219 1729 1247 1748; x_wconf 77' lang='lat'><strong>2.</strong></span> <span class='ocrx_word' id='word_1_295' title='bbox 1275 1727 1298 1749; x_wconf 93' lang='lat'><strong>1.</strong></span> <span class='ocrx_word' id='word_1_296' title='bbox 1319 1726 1359 1758; x_wconf 83' lang='lat'><strong>47</strong></span> <span class='ocrx_word' id='word_1_297' title='bbox 1382 1727 1432 1747; x_wconf 83' lang='lat' dir='ltr'><strong>me</strong></span> <span class='ocrx_word' id='word_1_298' title='bbox 1450 1717 1501 1747; x_wconf 90' lang='lat' dir='ltr'><strong>lu-</strong></span> 
     </span>
     <span class='ocr_line' id='line_1_47' title="bbox 870 1760 1502 1802; baseline -0.003 -10"><span class='ocrx_word' id='word_1_299' title='bbox 870 1761 958 1792; x_wconf 76' lang='lat' dir='ltr'><strong>bente</strong></span> <span class='ocrx_word' id='word_1_300' title='bbox 968 1761 1093 1802; x_wconf 79' lang='lat' dir='ltr'><strong>feceris.</strong></span> <span class='ocrx_word' id='word_1_301' title='bbox 1139 1763 1233 1791; x_wconf 84' lang='lat' dir='ltr'><strong>Idem</strong></span> <span class='ocrx_word' id='word_1_302' title='bbox 1270 1760 1302 1791; x_wconf 90' lang='lat' dir='ltr'><strong>‘I</strong></span> <span class='ocrx_word' id='word_1_303' title='bbox 1325 1766 1381 1791; x_wconf 94' lang='lat' dir='ltr'><strong>too</strong></span> <span class='ocrx_word' id='word_1_304' title='bbox 1402 1760 1502 1790; x_wconf 88' lang='lat' dir='ltr'><strong>know</strong></span> 
     </span>
     <span class='ocr_line' id='line_1_48' title="bbox 870 1803 1106 1845; baseline -0.008 -10"><span class='ocrx_word' id='word_1_305' title='bbox 870 1815 951 1845; x_wconf 89' lang='lat' dir='ltr'><strong>your</strong></span> <span class='ocrx_word' id='word_1_306' title='bbox 969 1803 1106 1834; x_wconf 79' lang='lat' dir='ltr'><strong>wishes.’</strong></span> 
     </span>
    </p>

    <p class='ocr_par' dir='ltr' id='par_1_13' title="bbox 912 1845 1487 1878">
     <span class='ocr_line' id='line_1_49' title="bbox 912 1845 1487 1878; baseline 0 -1"><span class='ocrx_word' id='word_1_307' title='bbox 912 1851 982 1878; x_wconf 86' lang='lat'><strong>476.</strong></span> <span class='ocrx_word' id='word_1_308' title='bbox 1029 1855 1169 1877; x_wconf 83' lang='lat' dir='ltr'><strong>censeas</strong></span> <span class='ocrx_word' id='word_1_309' title='bbox 1203 1846 1420 1877; x_wconf 83' lang='lat' dir='ltr'><strong>‘Reconsider</strong></span> <span class='ocrx_word' id='word_1_310' title='bbox 1436 1845 1487 1877; x_wconf 87' lang='lat' dir='ltr'><strong>it.’</strong></span> 
     </span>
    </p>

    <p class='ocr_par' dir='ltr' id='par_1_14' title="bbox 871 1888 1503 1964">
     <span class='ocr_line' id='line_1_50' title="bbox 913 1888 1503 1929; baseline -0.003 -9"><span class='ocrx_word' id='word_1_311' title='bbox 913 1894 983 1920; x_wconf 93' lang='grc'>477.</span> <span class='ocrx_word' id='word_1_312' title='bbox 1032 1890 1067 1920; x_wconf 83' lang='lat' dir='ltr'><strong>‘I</strong></span> <span class='ocrx_word' id='word_1_313' title='bbox 1093 1889 1192 1929; x_wconf 83' lang='lat' dir='ltr'><strong>really</strong></span> <span class='ocrx_word' id='word_1_314' title='bbox 1208 1888 1292 1920; x_wconf 91' lang='lat' dir='ltr'><strong>have</strong></span> <span class='ocrx_word' id='word_1_315' title='bbox 1315 1888 1503 1929; x_wconf 86' lang='lat' dir='ltr'><strong>something</strong></span> 
     </span>
     <span class='ocr_line' id='line_1_51' title="bbox 871 1933 1235 1964; baseline -0.005 -1"><span class='ocrx_word' id='word_1_316' title='bbox 871 1933 983 1964; x_wconf 91' lang='lat' dir='ltr'><strong>choice</strong></span> <span class='ocrx_word' id='word_1_317' title='bbox 1000 1933 1033 1963; x_wconf 89' lang='lat' dir='ltr'><strong>in</strong></span> <span class='ocrx_word' id='word_1_318' title='bbox 1049 1933 1235 1963; x_wconf 87' lang='lat' dir='ltr'><strong>readiness.’</strong></span> 
     </span>
    </p>

    <p class='ocr_par' dir='ltr' id='par_1_15' title="bbox 870 1973 1508 2221">
     <span class='ocr_line' id='line_1_52' title="bbox 912 1973 1503 2013; baseline -0.003 -7"><span class='ocrx_word' id='word_1_319' title='bbox 912 1979 983 2013; x_wconf 88' lang='lat'><strong>483,</strong></span> <span class='ocrx_word' id='word_1_320' title='bbox 1012 1979 1080 2006; x_wconf 82' lang='lat'><strong>484.</strong></span> <span class='ocrx_word' id='word_1_321' title='bbox 1131 1976 1185 2005; x_wconf 77' lang='lat' dir='ltr'><strong>An</strong></span> <span class='ocrx_word' id='word_1_322' title='bbox 1210 1974 1309 2005; x_wconf 88' lang='lat' dir='ltr'><strong>aside.</strong></span> <span class='ocrx_word' id='word_1_323' title='bbox 1359 1973 1449 2013; x_wconf 93' lang='lat' dir='ltr'><strong>Only</strong></span> <span class='ocrx_word' id='word_1_324' title='bbox 1470 1974 1503 2004; x_wconf 90' lang='lat' dir='ltr'><strong>in</strong></span> 
     </span>
     <span class='ocr_line' id='line_1_53' title="bbox 871 2015 1504 2057; baseline -0.005 -8"><span class='ocrx_word' id='word_1_325' title='bbox 871 2020 903 2049; x_wconf 95' lang='lat' dir='ltr'>A</span> <span class='ocrx_word' id='word_1_326' title='bbox 919 2019 1001 2049; x_wconf 84' lang='lat' dir='ltr'><strong>aster</strong></span> <span class='ocrx_word' id='word_1_327' title='bbox 1016 2029 1048 2048; x_wconf 83' lang='lat' dir='ltr'><strong>v.</strong></span> <span class='ocrx_word' id='word_1_328' title='bbox 1065 2019 1105 2057; x_wconf 87' lang='lat'><strong>48</strong></span> <span class='ocrx_word' id='word_1_329' title='bbox 1110 2028 1138 2057; x_wconf 79' lang='lat'><strong>5.</strong></span> <span class='ocrx_word' id='word_1_330' title='bbox 1188 2017 1294 2047; x_wconf 87' lang='lat' dir='ltr'><strong>Bothe</strong></span> <span class='ocrx_word' id='word_1_331' title='bbox 1309 2015 1504 2056; x_wconf 88' lang='lat' dir='ltr'><strong>transposed</strong></span> 
     </span>
     <span class='ocr_line' id='line_1_54' title="bbox 871 2057 1508 2100; baseline -0.003 -9"><span class='ocrx_word' id='word_1_332' title='bbox 871 2062 935 2091; x_wconf 91' lang='lat' dir='ltr'><strong>and</strong></span> <span class='ocrx_word' id='word_1_333' title='bbox 952 2061 1029 2091; x_wconf 89' lang='lat' dir='ltr'><strong>read</strong></span> <span class='ocrx_word' id='word_1_334' title='bbox 1048 2067 1114 2091; x_wconf 74' lang='lat' dir='ltr'><strong>text</strong></span> <span class='ocrx_word' id='word_1_335' title='bbox 1127 2060 1165 2091; x_wconf 88' lang='lat' dir='ltr'><strong>of</strong></span> <span class='ocrx_word' id='word_1_336' title='bbox 1175 2071 1206 2090; x_wconf 81' lang='lat' dir='ltr'><strong>v.</strong></span> <span class='ocrx_word' id='word_1_337' title='bbox 1223 2061 1297 2100; x_wconf 85' lang='lat'><strong>483,</strong></span> <span class='ocrx_word' id='word_1_338' title='bbox 1315 2060 1371 2090; x_wconf 90' lang='lat' dir='ltr'><strong>the</strong></span> <span class='ocrx_word' id='word_1_339' title='bbox 1389 2059 1453 2089; x_wconf 88' lang='lat' dir='ltr'><strong>end</strong></span> <span class='ocrx_word' id='word_1_340' title='bbox 1470 2057 1508 2089; x_wconf 87' lang='lat' dir='ltr'><strong>of</strong></span> 
     </span>
     <span class='ocr_line' id='line_1_55' title="bbox 870 2102 1503 2134; baseline -0.003 0"><span class='ocrx_word' id='word_1_341' title='bbox 870 2104 977 2134; x_wconf 89' lang='lat' dir='ltr'><strong>which</strong></span> <span class='ocrx_word' id='word_1_342' title='bbox 994 2104 1019 2133; x_wconf 89' lang='lat' dir='ltr'><strong>is</strong></span> <span class='ocrx_word' id='word_1_343' title='bbox 1036 2103 1208 2133; x_wconf 83' lang='lat' dir='ltr'><strong>mutilated</strong></span> <span class='ocrx_word' id='word_1_344' title='bbox 1225 2103 1258 2132; x_wconf 92' lang='lat' dir='ltr'><strong>in</strong></span> <span class='ocrx_word' id='word_1_345' title='bbox 1275 2102 1332 2133; x_wconf 89' lang='lat' dir='ltr'><strong>the</strong></span> <span class='ocrx_word' id='word_1_346' title='bbox 1345 2109 1421 2133; x_wconf 85' lang='lat' dir='ltr'><strong>MSS.</strong></span> <span class='ocrx_word' id='word_1_347' title='bbox 1437 2102 1503 2132; x_wconf 92' lang='lat' dir='ltr'><strong>and</strong></span> 
     </span>
     <span class='ocr_line' id='line_1_56' title="bbox 870 2145 1506 2186; baseline -0.002 -9"><span class='ocrx_word' id='word_1_348' title='bbox 870 2147 977 2177; x_wconf 90' lang='lat' dir='ltr'><strong>which</strong></span> <span class='ocrx_word' id='word_1_349' title='bbox 1009 2146 1123 2186; x_wconf 74' lang='lat' dir='ltr'><strong>begins</strong></span> <span class='ocrx_word' id='word_1_350' title='bbox 1152 2145 1230 2176; x_wconf 81' lang='lat' dir='ltr'><strong>with</strong></span> <span class='ocrx_word' id='word_1_351' title='bbox 1256 2145 1317 2176; x_wconf 84' lang='lat' dir='ltr'><strong>sed.</strong></span> <span class='ocrx_word' id='word_1_352' title='bbox 1362 2146 1433 2183; x_wconf 79' lang='lat' dir='ltr'><strong>uia,</strong></span> <span class='ocrx_word' id='word_1_353' title='bbox 1462 2151 1506 2176; x_wconf 68' lang='lat' dir='ltr'><strong>ac</strong></span> 
     </span>
     <span class='ocr_line' id='line_1_57' title="bbox 873 2190 1092 2221; baseline -0.014 0"><span class='ocrx_word' id='word_1_354' title='bbox 873 2197 949 2221; x_wconf 86' lang='lat' dir='ltr'><strong>MSS.</strong></span> <span class='ocrx_word' id='word_1_355' title='bbox 968 2190 1092 2219; x_wconf 78' lang='lat' dir='ltr'><strong>uixita.</strong></span> 
     </span>
    </p>
   </div>
  </div>
 </body>
</html>
