1583 2507
138 56 189 91 40
676 42 934 81 STICHVS
1103 41 1178 94 [IV
1202 45 1469 90 2‚.624—640

139 147 213 186 GE.
272 147 380 197 Quid
408 145 550 196 igitur?
619 147 688 185 ΕΡ.
749 145 842 185 Dixi
870 146 1054 196 equidem
1083 146 1123 184 in
1154 159 1350 187 carcerem
1380 148 1466 186 1'res.

244 212 324 249 GE.
385 211 491 260 Quin
520 211 552 249 si
580 211 747 258 iusseris,

49 284 122 322 625
141 278 179 316 ἑο
208 289 366 326 quoque
396 277 473 315 ibo.
524 278 592 314 ΕΡ.
637 277 688 314 Di
717 277 968 323 immortales,
996 277 1060 315 hic
1089 275 1247 325 quidem
1276 277 1344 326 pol
1367 289 1470 316 sum-

251 355 355 378 mam
385 342 425 379 in
455 354 610 380 crucem
1414 353 1470 392 -45

143 410 243 447 cena
271 415 338 445 aut
366 406 532 456 prandio
562 405 722 456 perduci
752 405 866 456 potis.
940 406 1013 444 GE.
1074 407 1135 444 Ita
1165 404 1366 455 ingenium
1396 419 1474 445 me-

252 480 356 510 umst
375 487 382 509 :

145 536 364 586 quicumuis
394 538 582 586 depugno
612 538 736 575 multo
766 535 916 575 facilius
945 549 1065 585 quam
1095 538 1185 574 cum
1215 537 1331 575 fame.

146 604 216 641 ΕΡ.
276 601 381 640 Noui
424 615 520 651 ego:
568 609 661 651 aput
695 614 757 639 me
795 600 887 640 saitis
921 609 1131 651 spectatast
1163 601 1260 639 mihi
1293 601 1370 639 iam
1405 609 1474 640 tua

254 665 328 704 ista
356 666 518 704 facilitas

56 805 131 843 630
150 801 246 838 dum
276 797 467 847 parasitus
497 797 599 834 milti
623 804 741 846 atque
771 795 876 834 fratri
905 796 1022 843 misti,
1055 810 1135 835 rem
1165 797 1436 846 confregimus.

152 869 258 904 nunc
283 876 356 913 ego
383 864 475 901 nolo
500 876 546 900 ex
574 862 774 901 Gelasimo
796 863 845 899 mi
874 861 956 899 fieri
978 870 1015 899 te
1037 862 1379 911 Catagelasimum.
1430 873 1480 911 50

152 932 227 969 GE.
277 929 415 967 Ia‘mme
444 927 528 966 abis
557 929 628 966 tu?
666 928 767 974 uide,
800 927 1009 972 Gelasium,
1040 928 1134 976 quid
1163 928 1355 976 capturu‘s
1385 928 1479 965 con-

260 994 329 1033 sili.

155 1058 290 1113 [assmbo
311 1056 530 1109 abi]erunt:
562 1058 769 1104 Gellasime,
793 1058 894 1104 uide,
918 1061 1023 1096 nunc
1044 1059 1208 1097 consilio
1229 1059 1325 1097 szino
1345 1067 1471 1108 opust.

341 1124 365 1147 ÷÷
528 1123 552 1146 ἐκ
715 1122 740 1146 εκ
902 1123 926 1146 ÷1÷
1089 1123 1114 1146 ἦε
1275 1123 1300 1146 ÷1÷

62 1193 136 1232 635
156 1191 309 1241 egone?
351 1197 392 1227 tu
420 1202 481 1228 ne.
533 1188 711 1227 mihine?
759 1189 828 1226 tibi
858 1202 917 1227 ne.
964 1190 1080 1227 uiden
1112 1197 1153 1227 ut
1182 1190 1375 1227 annonzist
1404 1202 1485 1239 gra·

264 1254 353 1293 uis?

156 1321 276 1360 uiden
305 1319 567 1369 benignitates
596 1319 803 1358 hominum
832 1327 875 1357 ut
904 1319 1051 1369 periere
1081 1327 1119 1357 et
1148 1319 1418 1368 prothYmiae?

156 1387 275 1425 uiden
303 1385 490 1424 ridiculos
519 1384 630 1423 nihili
659 1384 740 1423 fieri
770 1392 887 1434 atque
917 1386 1024 1434 ipsos
1054 1384 1324 1434 parasitdrier?
1436 1395 1485 1434 55

158 1455 375 1501 numquam
407 1451 550 1500 edepol
579 1463 643 1488 me
672 1451 807 1488 uiuom
838 1451 1044 1500 quisquam
1074 1450 1113 1488 in
1144 1450 1243 1488 diem
1274 1449 1485 1499 prospiciet

267 1516 502 1555 creistinum:

159 1583 250 1620 naim
280 1582 375 1619 mihi
404 1581 482 1619 iam
512 1580 616 1618 intus
646 1579 809 1629 potione
838 1580 977 1619 iuncea
1007 1581 1180 1619 onerabo
1209 1581 1341 1630 gulam

67 1652 142 1691 640
160 1650 288 1698 ne'que
317 1660 390 1696 ego
418 1648 496 1685 hoc
524 1644 770 1684 committam
800 1648 841 1684 ut
875 1658 938 1683 rne
969 1658 1054 1684 esse
1083 1645 1263 1683 homines
1292 1646 1487 1685 m6rtu0m

269 1712 403 1751 dicent
431 1712 544 1750 fame.

207 1832 276 1860 624.
322 1829 353 1858 si
391 1826 479 1867 Only
496 1827 528 1856 in
546 1826 589 1856 A.
862 1825 945 1856 after
959 1825 1082 1866 having
1096 1825 1180 1856 been
1196 1825 1404 1866 Laughed-at
1425 1837 1490 1867 you

207 1876 276 1903 625.
300 1873 360 1908 pol
381 1878 553 1900 summam
589 1869 634 1900 So
657 1869 708 1906 A;
731 1874 796 1899 rest
862 1869 980 1899 should
995 1869 1132 1899 become
1148 1879 1167 1898 a
1183 1868 1383 1908 Laugher-at
1399 1868 1477 1901 me.’

165 1915 203 1947 in
217 1924 358 1945 summa.
905 1915 974 1942 632.
1023 1912 1067 1943 So
1098 1912 1124 1942 B
1152 1917 1267 1951 except
1290 1922 1319 1942 es
1340 1916 1494 1953 capturus

209 1962 277 1989 626.
323 1958 417 1994 potis
449 1956 564 1993 Masc.,
578 1954 657 1985 with
668 1958 711 1985 est
721 1965 794 1995 sup·
863 1954 913 1986 for
927 1954 1103 1995 capturu’s.

166 2001 308 2043 pressed.
907 2001 976 2028 633.
1024 1997 1150 2028 Ritschl
1166 1997 1310 2038 supplies
1326 1997 1417 2028 ambe
1431 1998 1494 2034 abi,

209 2047 280 2076 629.
324 2044 412 2073 Noui
434 2049 496 2077 ego
534 2049 611 2072 MSS.
634 2051 700 2071 non
724 2051 796 2081 ergo
865 2040 920 2071 the
936 2046 999 2070 rest
1017 2040 1054 2070 of
1073 2040 1127 2070 the
1143 2050 1234 2071 verse
1256 2040 1281 2070 is
1303 2040 1336 2070 in
1353 2041 1385 2071 A
1402 2041 1490 2081 only.

165 2097 205 2119 or
219 2097 285 2117 non
299 2096 362 2127 ego.
865 2083 937 2113 The
961 2083 1134 2124 repetition
1159 2082 1196 2113 of
1218 2083 1384 2120 Gelasz'me,
1406 2084 1491 2123 uide,

210 2133 281 2166 631,
331 2128 433 2160 ‘Now
445 2127 461 2158 1
475 2137 528 2158 am
541 2126 711 2168 unwilling
727 2126 797 2157 that
864 2126 924 2157 has
938 2125 994 2157 led
1007 2126 1129 2157 editors
1145 2131 1178 2156 to
1195 2126 1276 2157 alter
1291 2137 1322 2156 v.
1340 2125 1415 2167 632.
