1583 2507
172 77 219 113 18
718 74 830 112 PLA
845 74 945 111 VTJ
1140 70 1200 124 [ΙΙ
1224 85 1258 118 2,
1283 74 1491 121 299—316

169 177 381 215 aduorsum
409 175 554 223 ueniat,
583 176 763 214 obsecret
790 188 832 214 se
859 183 903 213 ut
930 175 1068 213 nuntio
1096 175 1173 212 hoc
1201 172 1418 223 inpertiam.

77 245 151 284 300
170 241 362 278 secundas
390 241 564 278 fortuneis
593 240 734 277 decent
764 237 935 290 [fastidia
963 237 1018 290 et]
1048 237 1264 286 supe'rbiae.

169 313 229 342 set
275 306 435 342 tandem
484 317 605 352 quom
650 303 836 352 recogito,
888 302 956 352 qui
1002 302 1106 351 potis
1153 310 1212 341 est
1258 302 1355 340 scire
1396 301 1495 341 haec

276 370 373 406 scire
402 370 494 406 me?

170 434 250 471 non
280 433 383 471 enirn
414 446 575 482 possum
605 433 699 481 quin
728 440 912 477 reuortar,
948 432 1044 480 quin
1077 433 1226 481 loquar,
1266 431 1360 482 quin
1397 431 1496 471 edis-

277 510 401 536 serem
1446 510 1495 546 29

169 563 352 611 ereimque
383 575 429 599 ex
458 574 632 599 maerore
661 561 841 607 eximam,
870 561 974 600 bene
1005 562 1107 599 facta
1138 561 1331 599 maiorum
1363 574 1495 599 meum

170 629 380 677 exaugeam
410 635 528 676 atque
557 627 663 664 illam
693 627 856 675 augeam
890 625 1089 674 insperato
1123 626 1346 675 opportuno
1374 626 1494 664 bono.

78 696 149 733 305
171 693 410 732 contundam
458 693 559 729 faeta
606 691 794 730 Talthubi
847 692 1180 740 contemnamque
1227 690 1355 729 omnis
1402 691 1499 728 min-

276 757 374 796 tios:

168 824 363 871 simulque
392 822 589 859 cursuram
619 821 840 859 meditabor
867 821 918 859 aid
947 821 1062 859 ludos
1093 821 1312 870 Olumpios.

169 896 228 928 set
274 886 442 936 spatium
489 887 566 924 hoe
613 886 760 936 oppido
808 886 954 925 breuist:
1003 887 1214 924 curriculo:
1269 898 1387 934 quam
1434 898 1499 924 me

276 952 461 1002 paenitet.
1447 963 1499 998 34

170 1018 267 1068 quid
296 1018 402 1056 hoc?
439 1018 636 1055 occlusam
667 1017 823 1055 ieiunam
853 1016 997 1054 uideo:
1037 1017 1104 1054 ibo
1133 1024 1171 1054 et
1200 1016 1364 1065 pultabo
1392 1015 1495 1053 soris.

170 1085 318 1135 aperite
358 1090 475 1129 atque
517 1083 789 1132 adproperate,
830 1082 930 1120 fores
972 1080 1087 1119 facite
1133 1084 1176 1119 ut
1214 1087 1398 1130 pateant:
1444 1093 1500 1118 re-

278 1149 436 1187 moue'te
465 1160 627 1186 moram.

79 1219 153 1257 310
173 1213 287 1253 nimis
316 1215 414 1251 haec
442 1226 502 1251 res
532 1213 616 1251 sine
645 1214 738 1250 cura'⁴
765 1212 930 1262 geritur:
977 1211 1069 1249 uide
1103 1211 1219 1259 quam
1253 1210 1404 1248 dudum
1435 1209 1500 1247 hic

279 1287 363 1317 asto
392 1280 429 1317 e't
458 1279 581 1328 pulto.

172 1345 367 1385 somnone
395 1355 554 1392 operam
585 1342 717 1381 datis?
745 1340 920 1392 experiar
947 1342 1050 1380 fores
1079 1341 1129 1379 a'tn
1158 1339 1281 1378 cubiti
1310 1352 1356 1377 ac
1375 1339 1501 1388 pedes

280 1410 366 1459 plus
395 1410 563 1448 ualeant.

174 1473 291 1513 nimis
320 1474 462 1512 ue'llem
491 1473 564 1510 hae
592 1474 693 1511 fores
727 1485 835 1510 erum
870 1470 1066 1520 fugissent,
1102 1483 1149 1509 ea
1182 1472 1319 1508 caussa
1355 1477 1399 1508 ut
1436 1469 1502 1507 ha-

279 1538 418 1577 berent
447 1538 593 1574 melum
623 1549 819 1586 magnum.

388 1603 563 1641 defessus
592 1615 678 1639 sum
709 1601 911 1650 pultando.
1448 1610 1502 1646 40

387 1669 464 1706 hoc
492 1668 733 1717 postremum
763 1674 847 1704 esto
877 1666 1000 1704 uobis.

82 1735 154 1774 315
388 1734 460 1771 GE.
522 1733 596 1770 Ibo
625 1733 742 1779 aitque
771 1731 876 1768 hunc
905 1730 1151 1778 conpelldbo.

388 1798 518 1836 saluos
547 1797 607 1834 sis.
668 1798 726 1834 P1.
786 1797 836 1833 Et
864 1803 907 1832 tu
937 1796 1052 1833 salue.

217 1921 287 1950 300.
333 1925 407 1949 mss.
437 1917 509 1958 give
524 1926 544 1947 a
566 1914 721 1954 senarius,
738 1916 801 1946 and
914 1918 984 1946 311.
1030 1921 1194 1945 somnone
1220 1913 1277 1944 &c-
1327 1911 1411 1944 ‘Are
1436 1922 1503 1952 you

174 1963 218 1997 A,
236 1962 360 2002 though
376 1960 453 2000 only
469 1960 620 2000 showing
634 1959 802 1990 secundas·
871 1957 1043 1997 diligently
1059 1957 1217 1996 occupied
1232 1956 1266 1986 in
1281 1955 1371 1996 sleep
1378 1954 1401 1985 ?'
1439 1955 1500 1985 Fa-

164 2006 252 2047 fort‚
275 2004 334 2035 has
349 2004 374 2034 it
390 2003 512 2044 ranged
529 2013 563 2033 as
585 2002 613 2032 if
630 2001 654 2032 it
674 2011 759 2032 were
782 2011 802 2031 a
870 2000 1004 2038 cetious‚
1023 2010 1058 2030 as
1073 1999 1199 2039 though
1210 1999 1300 2039 sleep
1310 2008 1394 2029 were
1409 1997 1502 2028 work

175 2047 303 2078 shorter
311 2046 377 2077 line
387 2046 466 2077 than
480 2046 573 2076 those
583 2044 746 2084 adjacent.
771 2043 802 2074 It
870 2053 907 2073 or
923 2042 1029 2082 study.

176 2100 252 2130 may
262 2089 304 2120 be
314 2099 334 2120 a
345 2088 516 2130 quotation
527 2087 610 2118 from
623 2097 643 2117 a
654 2086 801 2126 tragedy.
915 2089 983 2116 310.
1031 2087 1109 2115 asto
1155 2084 1220 2114 For
1235 2083 1303 2114 ind.
1319 2093 1373 2114 see
1388 2082 1498 2114 index.

219 2135 287 2163 301.
336 2133 398 2168 qui
425 2133 519 2168 potis
549 2130 605 2160 &o
660 2129 804 2169 Perhaps
915 2131 984 2158 312.
1023 2127 1096 2158 The
1110 2126 1187 2157 final
1203 2126 1357 2166 syllables
1373 2125 1504 2166 offeres

175 2174 232 2206 the
253 2184 366 2205 source
387 2172 424 2204 of
439 2173 520 2203 scire
539 2178 633 2202 tuum
657 2171 748 2201 nihil
761 2175 806 2201 est
873 2170 926 2209 (cf.
952 2181 983 2200 v.
1009 2171 1071 2207 18),
1093 2179 1185 2200 erum
1210 2168 1275 2199 and
1297 2168 1424 2199 malum
1447 2166 1502 2208 (cf.

177 2217 245 2248 nisi
259 2221 288 2248 te
301 2216 380 2248 scire
392 2215 449 2248 hoc
464 2216 547 2247 sciat
569 2215 660 2251 alter,
678 2213 805 2245 Persius
872 2214 970 2248 eni‘m,
987 2223 1017 2243 v.
1035 2211 1088 2253 96)
1106 2221 1160 2242 are
1176 2211 1387 2252 pronouneed
1399 2210 1500 2241 short.

180 2269 207 2292 ι.
227 2269 279 2300 27.
915 2258 1087 2286 313—318.
1130 2253 1332 2295 Anapaestic
1346 2253 1504 2284 dimeters
