<?xml version="1.0" encoding="UTF-8"?>
<!DOCTYPE html PUBLIC "-//W3C//DTD XHTML 1.0 Transitional//EN"
    "http://www.w3.org/TR/xhtml1/DTD/xhtml1-transitional.dtd">
<html xmlns="http://www.w3.org/1999/xhtml" xml:lang="en" lang="en">
 <head>
  <title>
</title>
<meta http-equiv="Content-Type" content="text/html;charset=utf-8" />
  <meta name='ocr-system' content='tesseract 3.04.00' />
  <meta name='ocr-capabilities' content='ocr_page ocr_carea ocr_par ocr_line ocrx_word'/>
</head>
<body>
  <div class='ocr_page' id='page_1' title='image "./stichusp00plauuoft_0030.png"; bbox 0 0 1583 2507; ppageno 0'>
   <div class='ocr_carea' id='block_1_1' title="bbox 94 651 231 689">
    <p class='ocr_par' dir='ltr' id='par_1_1' title="bbox 94 651 231 689">
     <span class='ocr_line' id='line_1_1' title="bbox 94 651 231 689; baseline -0.022 0"><span class='ocrx_word' id='word_1_1' title='bbox 94 651 143 689; x_wconf 89' lang='lat'>55</span> <span class='ocrx_word' id='word_1_2' title='bbox 163 651 231 687; x_wconf 88' lang='lat' dir='ltr'>PA.</span> 
     </span>
    </p>
   </div>
   <div class='ocr_carea' id='block_1_2' title="bbox 163 99 943 144">
    <p class='ocr_par' dir='ltr' id='par_1_2' title="bbox 163 99 943 144">
     <span class='ocr_line' id='line_1_2' title="bbox 163 99 943 144; baseline 0.003 -10"><span class='ocrx_word' id='word_1_3' title='bbox 163 109 188 144; x_wconf 88' lang='lat'>4</span> <span class='ocrx_word' id='word_1_4' title='bbox 715 99 829 136; x_wconf 79' lang='lat' dir='ltr'>PLA</span> <span class='ocrx_word' id='word_1_5' title='bbox 845 100 943 136; x_wconf 80' lang='lat' dir='ltr'>VT]</span> 
     </span>
    </p>
   </div>
   <div class='ocr_carea' id='block_1_3' title="bbox 1158 97 1485 151">
    <p class='ocr_par' dir='ltr' id='par_1_3' title="bbox 1158 97 1485 151">
     <span class='ocr_line' id='line_1_3' title="bbox 1158 97 1485 151; baseline 0.006 -14"><span class='ocrx_word' id='word_1_6' title='bbox 1158 97 1195 151; x_wconf 89' lang='grc' dir='ltr'>[Ι</span> <span class='ocrx_word' id='word_1_7' title='bbox 1221 113 1251 146; x_wconf 95' lang='lat'>1,</span> <span class='ocrx_word' id='word_1_8' title='bbox 1274 102 1416 148; x_wconf 82' lang='grc'><strong>48-2,</strong></span> <span class='ocrx_word' id='word_1_9' title='bbox 1439 104 1485 139; x_wconf 91' lang='lat'>61</span> 
     </span>
    </p>
   </div>
   <div class='ocr_carea' id='block_1_4' title="bbox 162 201 1489 320">
    <p class='ocr_par' dir='ltr' id='par_1_4' title="bbox 162 201 1489 320">
     <span class='ocr_line' id='line_1_4' title="bbox 164 201 1409 250; baseline 0.002 -12"><span class='ocrx_word' id='word_1_10' title='bbox 164 201 238 240; x_wconf 88' lang='lat' dir='ltr'>PH.</span> <span class='ocrx_word' id='word_1_11' title='bbox 272 201 378 238; x_wconf 93' lang='lat' dir='ltr'>Nolo</span> <span class='ocrx_word' id='word_1_12' title='bbox 408 202 492 250; x_wconf 77' lang='lat' dir='ltr'>ego,</span> <span class='ocrx_word' id='word_1_13' title='bbox 523 214 642 246; x_wconf 77' lang='lat' dir='ltr'>soror,</span> <span class='ocrx_word' id='word_1_14' title='bbox 673 214 737 239; x_wconf 90' lang='lat' dir='ltr'>me</span> <span class='ocrx_word' id='word_1_15' title='bbox 766 202 871 239; x_wconf 75' lang='lat' dir='ltr'>credi</span> <span class='ocrx_word' id='word_1_16' title='bbox 900 215 986 240; x_wconf 83' lang='lat' dir='ltr'>esse</span> <span class='ocrx_word' id='word_1_17' title='bbox 1014 202 1285 241; x_wconf 78' lang='lat' dir='ltr'>immemorem</span> <span class='ocrx_word' id='word_1_18' title='bbox 1314 203 1409 241; x_wconf 87' lang='lat' dir='ltr'>uiri:</span> 
     </span>
     <span class='ocr_line' id='line_1_5' title="bbox 162 264 1489 320; baseline 0.004 -18"><span class='ocrx_word' id='word_1_19' title='bbox 162 278 292 314; x_wconf 88' lang='lat' dir='ltr'>neque</span> <span class='ocrx_word' id='word_1_20' title='bbox 322 266 385 303; x_wconf 89' lang='lat' dir='ltr'>ille</span> <span class='ocrx_word' id='word_1_21' title='bbox 413 264 471 303; x_wconf 65' lang='lat' dir='ltr'>bos</span> <span class='ocrx_word' id='word_1_22' title='bbox 500 266 668 304; x_wconf 82' lang='lat' dir='ltr'>honores</span> <span class='ocrx_word' id='word_1_23' title='bbox 698 267 793 304; x_wconf 86' lang='lat' dir='ltr'>mihi</span> <span class='ocrx_word' id='word_1_24' title='bbox 823 280 920 316; x_wconf 87' lang='lat' dir='ltr'>quos</span> <span class='ocrx_word' id='word_1_25' title='bbox 950 267 1083 306; x_wconf 82' lang='lat' dir='ltr'>habuit</span> <span class='ocrx_word' id='word_1_26' title='bbox 1111 268 1291 317; x_wconf 80' lang='lat' dir='ltr'>pe‘rdidit.</span> <span class='ocrx_word' id='word_1_27' title='bbox 1438 280 1489 320; x_wconf 89' lang='lat'>50</span> 
     </span>
    </p>
   </div>
   <div class='ocr_carea' id='block_1_5' title="bbox 95 329 1299 382">
    <p class='ocr_par' dir='ltr' id='par_1_5' title="bbox 95 329 1299 382">
     <span class='ocr_line' id='line_1_6' title="bbox 95 329 1299 382; baseline 0.003 -15"><span class='ocrx_word' id='word_1_28' title='bbox 95 332 144 370; x_wconf 85' lang='grc'>50</span> <span class='ocrx_word' id='word_1_29' title='bbox 163 342 254 368; x_wconf 82' lang='lat' dir='ltr'>nam</span> <span class='ocrx_word' id='word_1_30' title='bbox 283 329 379 366; x_wconf 83' lang='lat' dir='ltr'>mihi</span> <span class='ocrx_word' id='word_1_31' title='bbox 408 331 473 378; x_wconf 85' lang='lat' dir='ltr'>pol</span> <span class='ocrx_word' id='word_1_32' title='bbox 502 338 612 379; x_wconf 80' lang='lat' dir='ltr'>grata</span> <span class='ocrx_word' id='word_1_33' title='bbox 640 333 878 380; x_wconf 76' lang='lat' dir='ltr'>acceptaque</span> <span class='ocrx_word' id='word_1_34' title='bbox 907 333 1040 370; x_wconf 81' lang='lat' dir='ltr'>huiust</span> <span class='ocrx_word' id='word_1_35' title='bbox 1068 332 1299 382; x_wconf 78' lang='lat' dir='ltr'>benignitas,</span> 
     </span>
    </p>
   </div>
   <div class='ocr_carea' id='block_1_6' title="bbox 162 395 1271 635">
    <p class='ocr_par' dir='ltr' id='par_1_6' title="bbox 162 395 1271 635">
     <span class='ocr_line' id='line_1_7' title="bbox 164 395 1271 445; baseline 0.002 -13"><span class='ocrx_word' id='word_1_36' title='bbox 164 395 214 433; x_wconf 88' lang='lat' dir='ltr'>Et</span> <span class='ocrx_word' id='word_1_37' title='bbox 243 397 306 433; x_wconf 77' lang='lat' dir='ltr'>me</span> <span class='ocrx_word' id='word_1_38' title='bbox 336 395 497 444; x_wconf 88' lang='lat' dir='ltr'>quidem</span> <span class='ocrx_word' id='word_1_39' title='bbox 526 396 623 433; x_wconf 83' lang='lat' dir='ltr'>haec</span> <span class='ocrx_word' id='word_1_40' title='bbox 652 395 827 434; x_wconf 77' lang='lat' dir='ltr'>conditio</span> <span class='ocrx_word' id='word_1_41' title='bbox 857 409 962 433; x_wconf 89' lang='lat' dir='ltr'>nunc</span> <span class='ocrx_word' id='word_1_42' title='bbox 991 409 1071 433; x_wconf 89' lang='lat' dir='ltr'>non</span> <span class='ocrx_word' id='word_1_43' title='bbox 1100 396 1271 445; x_wconf 82' lang='lat' dir='ltr'>pae&#39;nitet</span> 
     </span>
     <span class='ocr_line' id='line_1_8' title="bbox 163 459 1168 509; baseline 0.002 -13"><span class='ocrx_word' id='word_1_44' title='bbox 163 461 327 508; x_wconf 80' lang='lat' dir='ltr'>nequest</span> <span class='ocrx_word' id='word_1_45' title='bbox 356 472 454 508; x_wconf 86' lang='lat' dir='ltr'>quor</span> <span class='ocrx_word' id='word_1_46' title='bbox 483 460 663 497; x_wconf 77' lang='lat' dir='ltr'>studeam</span> <span class='ocrx_word' id='word_1_47' title='bbox 693 460 762 497; x_wconf 80' lang='lat' dir='ltr'>has</span> <span class='ocrx_word' id='word_1_48' title='bbox 792 460 948 509; x_wconf 76' lang='lat' dir='ltr'>nuptias</span> <span class='ocrx_word' id='word_1_49' title='bbox 977 459 1168 498; x_wconf 69' lang='lat' dir='ltr'>muta&#39;trier.</span> 
     </span>
     <span class='ocr_line' id='line_1_9' title="bbox 162 523 1171 573; baseline 0.002 -12"><span class='ocrx_word' id='word_1_50' title='bbox 162 527 299 562; x_wconf 79' lang='lat' dir='ltr'>uerum</span> <span class='ocrx_word' id='word_1_51' title='bbox 328 531 528 573; x_wconf 86' lang='lat' dir='ltr'>postremo</span> <span class='ocrx_word' id='word_1_52' title='bbox 557 523 596 561; x_wconf 90' lang='lat' dir='ltr'>in</span> <span class='ocrx_word' id='word_1_53' title='bbox 626 525 743 573; x_wconf 68' lang='lat' dir='ltr'>paitris</span> <span class='ocrx_word' id='word_1_54' title='bbox 772 526 1001 573; x_wconf 75' lang='lat' dir='ltr'>potestatest</span> <span class='ocrx_word' id='word_1_55' title='bbox 1030 525 1171 563; x_wconf 77' lang='lat' dir='ltr'>situmz</span> 
     </span>
     <span class='ocr_line' id='line_1_10' title="bbox 162 585 1131 635; baseline 0 -12"><span class='ocrx_word' id='word_1_56' title='bbox 162 585 424 624; x_wconf 77' lang='lat' dir='ltr'>faciundumst</span> <span class='ocrx_word' id='word_1_57' title='bbox 453 585 567 624; x_wconf 90' lang='lat' dir='ltr'>nobis</span> <span class='ocrx_word' id='word_1_58' title='bbox 596 586 704 634; x_wconf 79' lang='lat' dir='ltr'>quod</span> <span class='ocrx_word' id='word_1_59' title='bbox 733 594 912 635; x_wconf 81' lang='lat' dir='ltr'>parentes</span> <span class='ocrx_word' id='word_1_60' title='bbox 942 587 1131 635; x_wconf 72' lang='lat' dir='ltr'>imperant.</span> 
     </span>
    </p>
   </div>
   <div class='ocr_carea' id='block_1_7' title="bbox 290 649 1486 703">
    <p class='ocr_par' dir='ltr' id='par_1_7' title="bbox 290 649 1486 703">
     <span class='ocr_line' id='line_1_11' title="bbox 290 649 1486 703; baseline 0.001 -16"><span class='ocrx_word' id='word_1_61' title='bbox 290 650 379 687; x_wconf 90' lang='lat' dir='ltr'>Scio</span> <span class='ocrx_word' id='word_1_62' title='bbox 409 650 526 699; x_wconf 67' lang='lat' dir='ltr'>:itque</span> <span class='ocrx_word' id='word_1_63' title='bbox 555 649 595 686; x_wconf 88' lang='lat' dir='ltr'>in</span> <span class='ocrx_word' id='word_1_64' title='bbox 623 649 834 699; x_wconf 51' lang='lat' dir='ltr'>cogitando</span> <span class='ocrx_word' id='word_1_65' title='bbox 865 663 1038 688; x_wconf 79' lang='lat' dir='ltr'>maerore</span> <span class='ocrx_word' id='word_1_66' title='bbox 1067 653 1238 700; x_wconf 77' lang='lat' dir='ltr'>augeor:</span> <span class='ocrx_word' id='word_1_67' title='bbox 1439 663 1486 703; x_wconf 85' lang='lat'>55</span> 
     </span>
    </p>
   </div>
   <div class='ocr_carea' id='block_1_8' title="bbox 161 713 1318 830">
    <p class='ocr_par' dir='ltr' id='par_1_8' title="bbox 161 713 1318 830">
     <span class='ocr_line' id='line_1_12' title="bbox 161 713 1318 764; baseline 0.003 -13"><span class='ocrx_word' id='word_1_68' title='bbox 161 727 253 751; x_wconf 80' lang='lat' dir='ltr'>nam</span> <span class='ocrx_word' id='word_1_69' title='bbox 282 714 405 764; x_wconf 78' lang='lat' dir='ltr'>prope</span> <span class='ocrx_word' id='word_1_70' title='bbox 434 715 597 751; x_wconf 89' lang='lat' dir='ltr'>modum</span> <span class='ocrx_word' id='word_1_71' title='bbox 625 714 702 752; x_wconf 80' lang='lat' dir='ltr'>iam</span> <span class='ocrx_word' id='word_1_72' title='bbox 733 715 905 752; x_wconf 76' lang='lat' dir='ltr'>ostendit</span> <span class='ocrx_word' id='word_1_73' title='bbox 934 727 1044 751; x_wconf 79' lang='lat' dir='ltr'>suam</span> <span class='ocrx_word' id='word_1_74' title='bbox 1076 713 1318 754; x_wconf 74' lang='lat' dir='ltr'>sententiam.</span> 
     </span>
     <span class='ocr_line' id='line_1_13' title="bbox 161 778 1287 830; baseline 0 -12"><span class='ocrx_word' id='word_1_75' title='bbox 161 780 237 818; x_wconf 88' lang='lat' dir='ltr'>PH.</span> <span class='ocrx_word' id='word_1_76' title='bbox 296 778 419 830; x_wconf 74' lang='lat' dir='ltr'>Igitur</span> <span class='ocrx_word' id='word_1_77' title='bbox 447 791 679 828; x_wconf 82' lang='lat' dir='ltr'><strong>quaeramus</strong></span> <span class='ocrx_word' id='word_1_78' title='bbox 708 778 822 817; x_wconf 81' lang='lat' dir='ltr'>nobis</span> <span class='ocrx_word' id='word_1_79' title='bbox 852 779 947 828; x_wconf 87' lang='lat' dir='ltr'>quid</span> <span class='ocrx_word' id='word_1_80' title='bbox 976 780 1078 817; x_wconf 81' lang='lat' dir='ltr'>facto</span> <span class='ocrx_word' id='word_1_81' title='bbox 1107 782 1200 818; x_wconf 77' lang='lat' dir='ltr'>usus</span> <span class='ocrx_word' id='word_1_82' title='bbox 1229 779 1287 818; x_wconf 89' lang='lat' dir='ltr'>sit.</span> 
     </span>
    </p>
   </div>
   <div class='ocr_carea' id='block_1_9' title="bbox 492 1003 778 1046">
    <p class='ocr_par' dir='ltr' id='par_1_9' title="bbox 492 1003 778 1046">
     <span class='ocr_line' id='line_1_14' title="bbox 492 1003 778 1046; baseline -0.003 0"><span class='ocrx_word' id='word_1_83' title='bbox 492 1003 701 1046; x_wconf 83' lang='lat' dir='ltr'>ACTVS</span> <span class='ocrx_word' id='word_1_84' title='bbox 746 1004 778 1045; x_wconf 93' lang='lat' dir='ltr'>I.</span> 
     </span>
    </p>
   </div>
   <div class='ocr_carea' id='block_1_10' title="bbox 227 1124 763 1162">
    <p class='ocr_par' dir='ltr' id='par_1_10' title="bbox 227 1124 763 1162">
     <span class='ocr_line' id='line_1_15' title="bbox 227 1124 763 1162; baseline -0.004 -1"><span class='ocrx_word' id='word_1_85' title='bbox 227 1124 438 1162; x_wconf 82' lang='lat' dir='ltr'>ANTIPHO.</span> <span class='ocrx_word' id='word_1_86' title='bbox 498 1125 763 1161; x_wconf 79' lang='lat' dir='ltr'>PHILVMENA.</span> 
     </span>
    </p>
   </div>
   <div class='ocr_carea' id='block_1_11' title="bbox 823 1125 1059 1160">
    <p class='ocr_par' dir='ltr' id='par_1_11' title="bbox 823 1125 1059 1160">
     <span class='ocr_line' id='line_1_16' title="bbox 823 1125 1059 1160; baseline 0 0"><span class='ocrx_word' id='word_1_87' title='bbox 823 1125 1059 1160; x_wconf 83' lang='lat' dir='ltr'><strong>PAMPHILA.</strong></span> 
     </span>
    </p>
   </div>
   <div class='ocr_carea' id='block_1_12' title="bbox 842 1004 1152 1047">
    <p class='ocr_par' dir='ltr' id='par_1_12' title="bbox 842 1004 1152 1047">
     <span class='ocr_line' id='line_1_17' title="bbox 842 1004 1152 1047; baseline 0.003 -1"><span class='ocrx_word' id='word_1_88' title='bbox 842 1004 1051 1046; x_wconf 71' lang='lat' dir='ltr'>§CENA</span> <span class='ocrx_word' id='word_1_89' title='bbox 1095 1005 1152 1047; x_wconf 90' lang='lat' dir='ltr'>II.</span> 
     </span>
    </p>
   </div>
   <div class='ocr_carea' id='block_1_13' title="bbox 1117 1123 1416 1174">
    <p class='ocr_par' dir='ltr' id='par_1_13' title="bbox 1117 1123 1416 1174">
     <span class='ocr_line' id='line_1_18' title="bbox 1117 1123 1416 1174; baseline -0.003 -12"><span class='ocrx_word' id='word_1_90' title='bbox 1117 1123 1416 1174; x_wconf 74' lang='lat' dir='ltr'>(CRoco‘HVM.)</span> 
     </span>
    </p>
   </div>
   <div class='ocr_carea' id='block_1_14' title="bbox 161 1221 1488 1270">
    <p class='ocr_par' dir='ltr' id='par_1_14' title="bbox 161 1221 1488 1270">
     <span class='ocr_line' id='line_1_19' title="bbox 161 1221 1488 1270; baseline 0.002 -12"><span class='ocrx_word' id='word_1_91' title='bbox 161 1222 240 1258; x_wconf 80' lang='lat' dir='ltr'>AN.</span> <span class='ocrx_word' id='word_1_92' title='bbox 301 1221 381 1269; x_wconf 77' lang='lat' dir='ltr'>Qui</span> <span class='ocrx_word' id='word_1_93' title='bbox 422 1228 557 1259; x_wconf 80' lang='lat' dir='ltr'>manet</span> <span class='ocrx_word' id='word_1_94' title='bbox 590 1228 632 1258; x_wconf 90' lang='lat' dir='ltr'>ut</span> <span class='ocrx_word' id='word_1_95' title='bbox 666 1221 871 1258; x_wconf 55' lang='lat' dir='ltr'>moneatur</span> <span class='ocrx_word' id='word_1_96' title='bbox 904 1233 1058 1270; x_wconf 82' lang='lat' dir='ltr'><strong>semper</strong></span> <span class='ocrx_word' id='word_1_97' title='bbox 1089 1223 1221 1260; x_wconf 74' lang='lat' dir='ltr'>seruos</span> <span class='ocrx_word' id='word_1_98' title='bbox 1254 1222 1374 1259; x_wconf 92' lang='lat' dir='ltr'>homo</span> <span class='ocrx_word' id='word_1_99' title='bbox 1408 1222 1488 1260; x_wconf 89' lang='lat' dir='ltr'>offi-</span> 
     </span>
    </p>
   </div>
   <div class='ocr_carea' id='block_1_15' title="bbox 268 1285 515 1323">
    <p class='ocr_par' dir='ltr' id='par_1_15' title="bbox 268 1285 515 1323">
     <span class='ocr_line' id='line_1_20' title="bbox 268 1285 515 1323; baseline -0.004 0"><span class='ocrx_word' id='word_1_100' title='bbox 268 1285 373 1323; x_wconf 73' lang='lat' dir='ltr'>cium</span> <span class='ocrx_word' id='word_1_101' title='bbox 402 1298 515 1323; x_wconf 86' lang='lat' dir='ltr'>sunm</span> 
     </span>
    </p>
   </div>
   <div class='ocr_carea' id='block_1_16' title="bbox 163 1349 1487 1395">
    <p class='ocr_par' dir='ltr' id='par_1_16' title="bbox 163 1349 1487 1395">
     <span class='ocr_line' id='line_1_21' title="bbox 163 1349 1487 1395; baseline 0 -7"><span class='ocrx_word' id='word_1_102' title='bbox 163 1351 234 1389; x_wconf 79' lang='lat' dir='ltr'>nec</span> <span class='ocrx_word' id='word_1_103' title='bbox 277 1351 479 1389; x_wconf 79' lang='lat' dir='ltr'>uoluntate</span> <span class='ocrx_word' id='word_1_104' title='bbox 518 1350 559 1388; x_wconf 93' lang='lat' dir='ltr'>id</span> <span class='ocrx_word' id='word_1_105' title='bbox 597 1351 723 1388; x_wconf 66' lang='lat' dir='ltr'>{eicere</span> <span class='ocrx_word' id='word_1_106' title='bbox 764 1349 950 1395; x_wconf 85' lang='lat' dir='ltr'><strong>meminit,</strong></span> <span class='ocrx_word' id='word_1_107' title='bbox 999 1351 1131 1388; x_wconf 77' lang='lat' dir='ltr'>seruos</span> <span class='ocrx_word' id='word_1_108' title='bbox 1168 1349 1200 1387; x_wconf 87' lang='lat' dir='ltr'>is</span> <span class='ocrx_word' id='word_1_109' title='bbox 1238 1349 1372 1389; x_wconf 85' lang='lat' dir='ltr'>habitu</span> <span class='ocrx_word' id='word_1_110' title='bbox 1410 1351 1487 1388; x_wconf 80' lang='lat' dir='ltr'>hau</span> 
     </span>
    </p>
   </div>
   <div class='ocr_carea' id='block_1_17' title="bbox 267 1415 440 1464">
    <p class='ocr_par' dir='ltr' id='par_1_17' title="bbox 267 1415 440 1464">
     <span class='ocr_line' id='line_1_22' title="bbox 267 1415 440 1464; baseline 0.006 -13"><span class='ocrx_word' id='word_1_111' title='bbox 267 1415 440 1464; x_wconf 89' lang='lat' dir='ltr'>probost.</span> 
     </span>
    </p>
   </div>
   <div class='ocr_carea' id='block_1_18' title="bbox 91 1478 1407 1528">
    <p class='ocr_par' dir='ltr' id='par_1_18' title="bbox 91 1478 1407 1528">
     <span class='ocr_line' id='line_1_23' title="bbox 91 1478 1407 1528; baseline -0.001 -10"><span class='ocrx_word' id='word_1_112' title='bbox 91 1480 143 1518; x_wconf 71' lang='lat'>30</span> <span class='ocrx_word' id='word_1_113' title='bbox 161 1480 233 1518; x_wconf 80' lang='lat' dir='ltr'>uos</span> <span class='ocrx_word' id='word_1_114' title='bbox 263 1478 494 1517; x_wconf 84' lang='lat' dir='ltr'>meministis</span> <span class='ocrx_word' id='word_1_115' title='bbox 524 1478 799 1528; x_wconf 80' lang='lat' dir='ltr'>quotkalendis</span> <span class='ocrx_word' id='word_1_116' title='bbox 828 1480 961 1528; x_wconf 74' lang='lat' dir='ltr'>petere</span> <span class='ocrx_word' id='word_1_117' title='bbox 990 1479 1223 1516; x_wconf 78' lang='lat' dir='ltr'>demensum</span> <span class='ocrx_word' id='word_1_118' title='bbox 1253 1479 1407 1518; x_wconf 87' lang='lat' dir='ltr'>cibum:</span> 
     </span>
    </p>
   </div>
   <div class='ocr_carea' id='block_1_19' title="bbox 161 1542 1488 1592">
    <p class='ocr_par' dir='ltr' id='par_1_19' title="bbox 161 1542 1488 1592">
     <span class='ocr_line' id='line_1_24' title="bbox 161 1542 1488 1592; baseline 0.001 -11"><span class='ocrx_word' id='word_1_119' title='bbox 161 1545 229 1592; x_wconf 87' lang='lat' dir='ltr'>qui</span> <span class='ocrx_word' id='word_1_120' title='bbox 258 1544 386 1582; x_wconf 91' lang='lat' dir='ltr'>minus</span> <span class='ocrx_word' id='word_1_121' title='bbox 415 1544 646 1583; x_wconf 75' lang='lat' dir='ltr'>meministis</span> <span class='ocrx_word' id='word_1_122' title='bbox 676 1543 784 1592; x_wconf 84' lang='lat' dir='ltr'>quod</span> <span class='ocrx_word' id='word_1_123' title='bbox 814 1552 928 1591; x_wconf 83' lang='lat' dir='ltr'>opust</span> <span class='ocrx_word' id='word_1_124' title='bbox 957 1544 1060 1580; x_wconf 65' lang='lat' dir='ltr'>fzicto</span> <span class='ocrx_word' id='word_1_125' title='bbox 1090 1543 1217 1581; x_wconf 78' lang='lat' dir='ltr'>facere</span> <span class='ocrx_word' id='word_1_126' title='bbox 1237 1542 1277 1580; x_wconf 85' lang='lat' dir='ltr'>in</span> <span class='ocrx_word' id='word_1_127' title='bbox 1297 1543 1488 1582; x_wconf 82' lang='lat' dir='ltr'>ae‘dibus?</span> 
     </span>
    </p>
   </div>
   <div class='ocr_carea' id='block_1_20' title="bbox 162 1657 794 2339">
    <p class='ocr_par' dir='ltr' id='par_1_20' title="bbox 162 1657 794 1775">
     <span class='ocr_line' id='line_1_25' title="bbox 204 1657 791 1695; baseline -0.005 -6"><span class='ocrx_word' id='word_1_128' title='bbox 204 1661 251 1689; x_wconf 86' lang='lat'>53.</span> <span class='ocrx_word' id='word_1_129' title='bbox 307 1660 421 1695; x_wconf 75' lang='lat' dir='ltr'>patris</span> <span class='ocrx_word' id='word_1_130' title='bbox 481 1658 554 1688; x_wconf 88' lang='lat' dir='ltr'>The</span> <span class='ocrx_word' id='word_1_131' title='bbox 581 1668 597 1688; x_wconf 81' lang='lat' dir='ltr'>s</span> <span class='ocrx_word' id='word_1_132' title='bbox 626 1657 653 1688; x_wconf 85' lang='lat' dir='ltr'>is</span> <span class='ocrx_word' id='word_1_133' title='bbox 683 1657 791 1687; x_wconf 87' lang='lat' dir='ltr'>silent.</span> 
     </span>
     <span class='ocr_line' id='line_1_26' title="bbox 162 1700 794 1740; baseline -0.006 -7"><span class='ocrx_word' id='word_1_134' title='bbox 162 1701 252 1733; x_wconf 91' lang='lat' dir='ltr'>Note</span> <span class='ocrx_word' id='word_1_135' title='bbox 272 1706 338 1732; x_wconf 83' lang='lat' dir='ltr'>two</span> <span class='ocrx_word' id='word_1_136' title='bbox 359 1701 568 1732; x_wconf 78' lang='lat' dir='ltr'>consecutive</span> <span class='ocrx_word' id='word_1_137' title='bbox 588 1700 652 1731; x_wconf 80' lang='lat' dir='ltr'>feet</span> <span class='ocrx_word' id='word_1_138' title='bbox 672 1701 794 1740; x_wconf 80' lang='lat' dir='ltr'>ending</span> 
     </span>
     <span class='ocr_line' id='line_1_27' title="bbox 162 1743 280 1775; baseline 0 0"><span class='ocrx_word' id='word_1_139' title='bbox 162 1743 196 1775; x_wconf 86' lang='lat' dir='ltr'>in</span> <span class='ocrx_word' id='word_1_140' title='bbox 214 1749 280 1775; x_wconf 79' lang='lat' dir='ltr'>-est.</span> 
     </span>
    </p>

    <p class='ocr_par' dir='ltr' id='par_1_21' title="bbox 162 1785 794 2299">
     <span class='ocr_line' id='line_1_28' title="bbox 205 1785 793 1824; baseline -0.005 -6"><span class='ocrx_word' id='word_1_141' title='bbox 205 1791 255 1818; x_wconf 85' lang='lat'>55.</span> <span class='ocrx_word' id='word_1_142' title='bbox 286 1794 418 1824; x_wconf 83' lang='lat' dir='ltr'>augeor</span> <span class='ocrx_word' id='word_1_143' title='bbox 437 1787 469 1817; x_wconf 89' lang='lat' dir='ltr'>‘I</span> <span class='ocrx_word' id='word_1_144' title='bbox 486 1797 537 1818; x_wconf 83' lang='lat' dir='ltr'>am</span> <span class='ocrx_word' id='word_1_145' title='bbox 555 1786 675 1817; x_wconf 84' lang='lat' dir='ltr'>loaded</span> <span class='ocrx_word' id='word_1_146' title='bbox 691 1785 793 1816; x_wconf 86' lang='lat' dir='ltr'>with.’</span> 
     </span>
     <span class='ocr_line' id='line_1_29' title="bbox 163 1829 793 1870; baseline -0.003 -9"><span class='ocrx_word' id='word_1_147' title='bbox 163 1830 272 1862; x_wconf 87' lang='lat' dir='ltr'>There</span> <span class='ocrx_word' id='word_1_148' title='bbox 294 1830 321 1861; x_wconf 90' lang='lat' dir='ltr'>is</span> <span class='ocrx_word' id='word_1_149' title='bbox 337 1841 355 1861; x_wconf 84' lang='lat' dir='ltr'><strong>a</strong></span> <span class='ocrx_word' id='word_1_150' title='bbox 372 1830 471 1861; x_wconf 82' lang='lat' dir='ltr'>bitter</span> <span class='ocrx_word' id='word_1_151' title='bbox 486 1831 671 1870; x_wconf 85' lang='lat' dir='ltr'>pleasantry</span> <span class='ocrx_word' id='word_1_152' title='bbox 688 1829 720 1859; x_wconf 90' lang='lat' dir='ltr'>in</span> <span class='ocrx_word' id='word_1_153' title='bbox 737 1829 793 1860; x_wconf 85' lang='lat' dir='ltr'>the</span> 
     </span>
     <span class='ocr_line' id='line_1_30' title="bbox 162 1872 793 1914; baseline -0.003 -10"><span class='ocrx_word' id='word_1_154' title='bbox 162 1873 292 1914; x_wconf 84' lang='lat' dir='ltr'>phrase,</span> <span class='ocrx_word' id='word_1_155' title='bbox 310 1883 344 1904; x_wconf 85' lang='lat' dir='ltr'>as</span> <span class='ocrx_word' id='word_1_156' title='bbox 367 1883 483 1912; x_wconf 69' lang='lat' dir='ltr'>augere</span> <span class='ocrx_word' id='word_1_157' title='bbox 506 1872 538 1903; x_wconf 89' lang='lat' dir='ltr'>in</span> <span class='ocrx_word' id='word_1_158' title='bbox 563 1872 626 1903; x_wconf 88' lang='lat' dir='ltr'>this</span> <span class='ocrx_word' id='word_1_159' title='bbox 651 1882 743 1903; x_wconf 88' lang='lat' dir='ltr'>sense</span> <span class='ocrx_word' id='word_1_160' title='bbox 767 1872 793 1902; x_wconf 88' lang='lat' dir='ltr'>is</span> 
     </span>
     <span class='ocr_line' id='line_1_31' title="bbox 162 1915 794 1956; baseline -0.002 -10"><span class='ocrx_word' id='word_1_161' title='bbox 162 1916 330 1956; x_wconf 79' lang='lat' dir='ltr'>generally</span> <span class='ocrx_word' id='word_1_162' title='bbox 346 1916 478 1956; x_wconf 84' lang='lat' dir='ltr'>applied</span> <span class='ocrx_word' id='word_1_163' title='bbox 496 1920 529 1946; x_wconf 87' lang='lat' dir='ltr'>to</span> <span class='ocrx_word' id='word_1_164' title='bbox 546 1915 634 1946; x_wconf 73' lang='lat' dir='ltr'>what</span> <span class='ocrx_word' id='word_1_165' title='bbox 651 1915 677 1945; x_wconf 90' lang='lat' dir='ltr'>is</span> <span class='ocrx_word' id='word_1_166' title='bbox 693 1915 794 1945; x_wconf 87' lang='lat' dir='ltr'>desir-</span> 
     </span>
     <span class='ocr_line' id='line_1_32' title="bbox 163 1959 792 1999; baseline -0.002 -10"><span class='ocrx_word' id='word_1_167' title='bbox 163 1959 247 1990; x_wconf 86' lang='lat' dir='ltr'>able.</span> <span class='ocrx_word' id='word_1_168' title='bbox 298 1959 470 1999; x_wconf 81' lang='lat' dir='ltr'>Pamphila</span> <span class='ocrx_word' id='word_1_169' title='bbox 484 1959 542 1988; x_wconf 79' lang='lat' dir='ltr'>has</span> <span class='ocrx_word' id='word_1_170' title='bbox 559 1959 641 1989; x_wconf 83' lang='lat' dir='ltr'>been</span> <span class='ocrx_word' id='word_1_171' title='bbox 655 1968 792 1998; x_wconf 79' lang='lat' dir='ltr'>repress-</span> 
     </span>
     <span class='ocr_line' id='line_1_33' title="bbox 163 2001 791 2042; baseline -0.002 -10"><span class='ocrx_word' id='word_1_172' title='bbox 163 2002 220 2042; x_wconf 87' lang='lat' dir='ltr'>ing</span> <span class='ocrx_word' id='word_1_173' title='bbox 249 2002 308 2033; x_wconf 85' lang='lat' dir='ltr'>her</span> <span class='ocrx_word' id='word_1_174' title='bbox 337 2001 420 2032; x_wconf 84' lang='lat' dir='ltr'>fears</span> <span class='ocrx_word' id='word_1_175' title='bbox 449 2002 514 2032; x_wconf 83' lang='lat' dir='ltr'>and</span> <span class='ocrx_word' id='word_1_176' title='bbox 545 2001 603 2031; x_wconf 86' lang='lat' dir='ltr'>her</span> <span class='ocrx_word' id='word_1_177' title='bbox 629 2001 791 2036; x_wconf 74' lang='lat' dir='ltr'>affection,</span> 
     </span>
     <span class='ocr_line' id='line_1_34' title="bbox 163 2043 793 2083; baseline -0.002 -9"><span class='ocrx_word' id='word_1_178' title='bbox 163 2044 221 2075; x_wconf 87' lang='lat' dir='ltr'>but</span> <span class='ocrx_word' id='word_1_179' title='bbox 245 2055 320 2075; x_wconf 83' lang='lat' dir='ltr'>now</span> <span class='ocrx_word' id='word_1_180' title='bbox 343 2044 401 2074; x_wconf 84' lang='lat' dir='ltr'>she</span> <span class='ocrx_word' id='word_1_181' title='bbox 424 2043 458 2074; x_wconf 85' lang='lat' dir='ltr'>in</span> <span class='ocrx_word' id='word_1_182' title='bbox 482 2045 539 2075; x_wconf 87' lang='lat' dir='ltr'>her</span> <span class='ocrx_word' id='word_1_183' title='bbox 558 2050 631 2074; x_wconf 84' lang='lat' dir='ltr'>turn</span> <span class='ocrx_word' id='word_1_184' title='bbox 652 2044 793 2083; x_wconf 76' lang='lat' dir='ltr'>changes</span> 
     </span>
     <span class='ocr_line' id='line_1_35' title="bbox 163 2087 791 2127; baseline -0.003 -9"><span class='ocrx_word' id='word_1_185' title='bbox 163 2087 319 2118; x_wconf 83' lang='lat' dir='ltr'>hertone.</span> <span class='ocrx_word' id='word_1_186' title='bbox 345 2087 557 2127; x_wconf 57' lang='lat' dir='ltr'>XVhereupon</span> <span class='ocrx_word' id='word_1_187' title='bbox 588 2087 791 2121; x_wconf 85' lang='lat' dir='ltr'>Philumena,</span> 
     </span>
     <span class='ocr_line' id='line_1_36' title="bbox 163 2129 792 2170; baseline -0.003 -9"><span class='ocrx_word' id='word_1_188' title='bbox 163 2140 193 2162; x_wconf 83' lang='lat' dir='ltr'>v.</span> <span class='ocrx_word' id='word_1_189' title='bbox 217 2138 267 2170; x_wconf 81' lang='lat'>57,</span> <span class='ocrx_word' id='word_1_190' title='bbox 283 2130 309 2160; x_wconf 88' lang='lat' dir='ltr'>is</span> <span class='ocrx_word' id='word_1_191' title='bbox 326 2130 444 2160; x_wconf 87' lang='lat' dir='ltr'>moved</span> <span class='ocrx_word' id='word_1_192' title='bbox 460 2130 504 2170; x_wconf 91' lang='lat' dir='ltr'>by</span> <span class='ocrx_word' id='word_1_193' title='bbox 520 2130 578 2160; x_wconf 88' lang='lat' dir='ltr'>her</span> <span class='ocrx_word' id='word_1_194' title='bbox 594 2129 712 2160; x_wconf 83' lang='lat' dir='ltr'>sister&#39;s</span> <span class='ocrx_word' id='word_1_195' title='bbox 729 2129 792 2159; x_wconf 89' lang='lat' dir='ltr'>dis-</span> 
     </span>
     <span class='ocr_line' id='line_1_37' title="bbox 163 2172 793 2213; baseline -0.002 -10"><span class='ocrx_word' id='word_1_196' title='bbox 163 2177 244 2204; x_wconf 87' lang='lat' dir='ltr'>tress</span> <span class='ocrx_word' id='word_1_197' title='bbox 267 2178 301 2204; x_wconf 90' lang='lat' dir='ltr'>to</span> <span class='ocrx_word' id='word_1_198' title='bbox 327 2177 457 2213; x_wconf 80' lang='lat' dir='ltr'>suggest</span> <span class='ocrx_word' id='word_1_199' title='bbox 482 2172 553 2203; x_wconf 83' lang='lat' dir='ltr'>that</span> <span class='ocrx_word' id='word_1_200' title='bbox 576 2172 652 2212; x_wconf 88' lang='lat' dir='ltr'>they</span> <span class='ocrx_word' id='word_1_201' title='bbox 675 2172 793 2202; x_wconf 84' lang='lat' dir='ltr'>should</span> 
     </span>
     <span class='ocr_line' id='line_1_38' title="bbox 165 2215 792 2255; baseline -0.002 -9"><span class='ocrx_word' id='word_1_202' title='bbox 165 2221 222 2247; x_wconf 87' lang='lat' dir='ltr'>not</span> <span class='ocrx_word' id='word_1_203' title='bbox 238 2215 312 2255; x_wconf 79' lang='lat' dir='ltr'>give</span> <span class='ocrx_word' id='word_1_204' title='bbox 327 2216 361 2246; x_wconf 86' lang='lat' dir='ltr'>in</span> <span class='ocrx_word' id='word_1_205' title='bbox 384 2215 521 2246; x_wconf 87' lang='lat' dir='ltr'>without</span> <span class='ocrx_word' id='word_1_206' title='bbox 543 2225 633 2245; x_wconf 84' lang='lat' dir='ltr'>some</span> <span class='ocrx_word' id='word_1_207' title='bbox 649 2215 743 2245; x_wconf 85' lang='lat' dir='ltr'>effort</span> <span class='ocrx_word' id='word_1_208' title='bbox 758 2220 792 2245; x_wconf 86' lang='lat' dir='ltr'>to</span> 
     </span>
     <span class='ocr_line' id='line_1_39' title="bbox 164 2258 508 2299; baseline 0 -10"><span class='ocrx_word' id='word_1_209' title='bbox 164 2264 219 2299; x_wconf 85' lang='lat' dir='ltr'>get</span> <span class='ocrx_word' id='word_1_210' title='bbox 236 2258 321 2289; x_wconf 87' lang='lat' dir='ltr'>their</span> <span class='ocrx_word' id='word_1_211' title='bbox 336 2269 409 2289; x_wconf 90' lang='lat' dir='ltr'>own</span> <span class='ocrx_word' id='word_1_212' title='bbox 426 2268 508 2298; x_wconf 83' lang='lat' dir='ltr'>way.</span> 
     </span>
    </p>

    <p class='ocr_par' dir='ltr' id='par_1_22' title="bbox 208 2300 793 2339">
     <span class='ocr_line' id='line_1_40' title="bbox 208 2300 793 2339; baseline -0.007 -6"><span class='ocrx_word' id='word_1_213' title='bbox 208 2304 256 2334; x_wconf 79' lang='lat'>57.</span> <span class='ocrx_word' id='word_1_214' title='bbox 299 2303 384 2339; x_wconf 84' lang='lat' dir='ltr'>quid</span> <span class='ocrx_word' id='word_1_215' title='bbox 400 2304 493 2332; x_wconf 79' lang='lat' dir='ltr'>facto</span> <span class='ocrx_word' id='word_1_216' title='bbox 508 2309 593 2331; x_wconf 80' lang='lat' dir='ltr'>usus</span> <span class='ocrx_word' id='word_1_217' title='bbox 608 2303 657 2331; x_wconf 73' lang='lat' dir='ltr'>sit</span> <span class='ocrx_word' id='word_1_218' title='bbox 675 2300 793 2330; x_wconf 81' lang='lat' dir='ltr'>‘What</span> 
     </span>
    </p>
   </div>
   <div class='ocr_carea' id='block_1_21' title="bbox 861 1655 1491 2296">
    <p class='ocr_par' dir='ltr' id='par_1_23' title="bbox 861 1655 1491 1783">
     <span class='ocr_line' id='line_1_41' title="bbox 862 1655 1491 1698; baseline 0 -11"><span class='ocrx_word' id='word_1_219' title='bbox 862 1668 910 1687; x_wconf 85' lang='lat' dir='ltr'>we</span> <span class='ocrx_word' id='word_1_220' title='bbox 925 1657 989 1687; x_wconf 80' lang='lat' dir='ltr'>har]</span> <span class='ocrx_word' id='word_1_221' title='bbox 1008 1657 1114 1687; x_wconf 85' lang='lat' dir='ltr'>better</span> <span class='ocrx_word' id='word_1_222' title='bbox 1130 1655 1206 1693; x_wconf 83' lang='lat' dir='ltr'>do’3</span> <span class='ocrx_word' id='word_1_223' title='bbox 1222 1656 1262 1687; x_wconf 89' lang='lat' dir='ltr'>cf.</span> <span class='ocrx_word' id='word_1_224' title='bbox 1287 1667 1316 1687; x_wconf 83' lang='lat' dir='ltr'>v.</span> <span class='ocrx_word' id='word_1_225' title='bbox 1345 1655 1381 1687; x_wconf 90' lang='lat'>61</span> <span class='ocrx_word' id='word_1_226' title='bbox 1406 1657 1491 1698; x_wconf 72' lang='lat' dir='ltr'>quod</span> 
     </span>
     <span class='ocr_line' id='line_1_42' title="bbox 861 1699 1487 1740; baseline 0.002 -10"><span class='ocrx_word' id='word_1_227' title='bbox 861 1705 951 1740; x_wconf 66' lang='lat' dir='ltr'>opust</span> <span class='ocrx_word' id='word_1_228' title='bbox 971 1699 1072 1739; x_wconf 75' lang='lat' dir='ltr'>sacto.</span> <span class='ocrx_word' id='word_1_229' title='bbox 1119 1699 1191 1730; x_wconf 91' lang='lat' dir='ltr'>The</span> <span class='ocrx_word' id='word_1_230' title='bbox 1214 1699 1384 1740; x_wconf 73' lang='lat' dir='ltr'>participle</span> <span class='ocrx_word' id='word_1_231' title='bbox 1407 1700 1487 1731; x_wconf 90' lang='lat' dir='ltr'>does</span> 
     </span>
     <span class='ocr_line' id='line_1_43' title="bbox 861 1742 1162 1783; baseline -0.007 -10"><span class='ocrx_word' id='word_1_232' title='bbox 861 1750 917 1773; x_wconf 83' lang='lat' dir='ltr'>not</span> <span class='ocrx_word' id='word_1_233' title='bbox 933 1753 1055 1782; x_wconf 83' lang='lat' dir='ltr'>govern</span> <span class='ocrx_word' id='word_1_234' title='bbox 1070 1742 1162 1783; x_wconf 84' lang='lat' dir='ltr'>quid.</span> 
     </span>
    </p>

    <p class='ocr_par' dir='ltr' id='par_1_24' title="bbox 861 1784 1487 2031">
     <span class='ocr_line' id='line_1_44' title="bbox 905 1784 1485 1816; baseline 0.002 -1"><span class='ocrx_word' id='word_1_235' title='bbox 905 1789 953 1816; x_wconf 83' lang='lat'>58.</span> <span class='ocrx_word' id='word_1_236' title='bbox 1000 1785 1116 1815; x_wconf 82' lang='lat' dir='ltr'>Before</span> <span class='ocrx_word' id='word_1_237' title='bbox 1139 1784 1358 1816; x_wconf 86' lang='lat' dir='ltr'>Philumena&#39;s</span> <span class='ocrx_word' id='word_1_238' title='bbox 1374 1785 1485 1816; x_wconf 88' lang='lat' dir='ltr'>house.</span> 
     </span>
     <span class='ocr_line' id='line_1_45' title="bbox 863 1828 1486 1869; baseline 0 -10"><span class='ocrx_word' id='word_1_239' title='bbox 863 1829 965 1859; x_wconf 84' lang='lat' dir='ltr'>Enter</span> <span class='ocrx_word' id='word_1_240' title='bbox 996 1828 1145 1869; x_wconf 83' lang='lat' dir='ltr'>Antipho</span> <span class='ocrx_word' id='word_1_241' title='bbox 1176 1828 1254 1858; x_wconf 77' lang='lat' dir='ltr'>with</span> <span class='ocrx_word' id='word_1_242' title='bbox 1285 1838 1305 1858; x_wconf 89' lang='lat' dir='ltr'>a</span> <span class='ocrx_word' id='word_1_243' title='bbox 1334 1828 1423 1859; x_wconf 82' lang='lat' dir='ltr'>slave</span> <span class='ocrx_word' id='word_1_244' title='bbox 1453 1829 1486 1859; x_wconf 91' lang='lat' dir='ltr'>in</span> 
     </span>
     <span class='ocr_line' id='line_1_46' title="bbox 862 1871 1486 1902; baseline -0.002 0"><span class='ocrx_word' id='word_1_245' title='bbox 862 1871 1065 1902; x_wconf 83' lang='lat' dir='ltr'>attendance.</span> <span class='ocrx_word' id='word_1_246' title='bbox 1115 1878 1235 1901; x_wconf 77' lang='lat' dir='ltr'>seruos</span> <span class='ocrx_word' id='word_1_247' title='bbox 1256 1871 1345 1901; x_wconf 90' lang='lat' dir='ltr'>Note</span> <span class='ocrx_word' id='word_1_248' title='bbox 1364 1871 1419 1901; x_wconf 86' lang='lat' dir='ltr'>the</span> <span class='ocrx_word' id='word_1_249' title='bbox 1440 1873 1486 1901; x_wconf 87' lang='lat' dir='ltr'>in-</span> 
     </span>
     <span class='ocr_line' id='line_1_47' title="bbox 862 1913 1487 1945; baseline -0.002 0"><span class='ocrx_word' id='word_1_250' title='bbox 862 1914 982 1945; x_wconf 86' lang='lat' dir='ltr'>sertion</span> <span class='ocrx_word' id='word_1_251' title='bbox 1011 1914 1048 1944; x_wconf 89' lang='lat' dir='ltr'>of</span> <span class='ocrx_word' id='word_1_252' title='bbox 1069 1913 1124 1944; x_wconf 86' lang='lat' dir='ltr'>the</span> <span class='ocrx_word' id='word_1_253' title='bbox 1151 1914 1346 1944; x_wconf 82' lang='lat' dir='ltr'>antecedent</span> <span class='ocrx_word' id='word_1_254' title='bbox 1372 1914 1405 1944; x_wconf 88' lang='lat' dir='ltr'>in</span> <span class='ocrx_word' id='word_1_255' title='bbox 1433 1914 1487 1944; x_wconf 90' lang='lat' dir='ltr'>the</span> 
     </span>
     <span class='ocr_line' id='line_1_48' title="bbox 861 1956 1487 1997; baseline -0.002 -10"><span class='ocrx_word' id='word_1_256' title='bbox 861 1957 1071 1988; x_wconf 83' lang='lat' dir='ltr'>subordinate</span> <span class='ocrx_word' id='word_1_257' title='bbox 1102 1962 1173 1997; x_wconf 84' lang='lat' dir='ltr'>part</span> <span class='ocrx_word' id='word_1_258' title='bbox 1204 1956 1242 1987; x_wconf 88' lang='lat' dir='ltr'>of</span> <span class='ocrx_word' id='word_1_259' title='bbox 1267 1956 1323 1987; x_wconf 86' lang='lat' dir='ltr'>the</span> <span class='ocrx_word' id='word_1_260' title='bbox 1353 1956 1487 1987; x_wconf 80' lang='lat' dir='ltr'>relative</span> 
     </span>
     <span class='ocr_line' id='line_1_49' title="bbox 861 2000 980 2031; baseline -0.017 0"><span class='ocrx_word' id='word_1_261' title='bbox 861 2000 980 2031; x_wconf 84' lang='lat' dir='ltr'>clause.</span> 
     </span>
    </p>

    <p class='ocr_par' dir='ltr' id='par_1_25' title="bbox 861 2042 1488 2158">
     <span class='ocr_line' id='line_1_50' title="bbox 904 2042 1486 2073; baseline -0.002 0"><span class='ocrx_word' id='word_1_262' title='bbox 904 2046 953 2073; x_wconf 87' lang='grc'>59.</span> <span class='ocrx_word' id='word_1_263' title='bbox 1013 2044 1198 2073; x_wconf 68' lang='lat' dir='ltr'>uoluntate</span> <span class='ocrx_word' id='word_1_264' title='bbox 1257 2042 1330 2073; x_wconf 91' lang='lat' dir='ltr'>The</span> <span class='ocrx_word' id='word_1_265' title='bbox 1365 2042 1486 2072; x_wconf 83' lang='lat' dir='ltr'>second</span> 
     </span>
     <span class='ocr_line' id='line_1_51' title="bbox 861 2084 1488 2126; baseline -0.002 -11"><span class='ocrx_word' id='word_1_266' title='bbox 861 2085 998 2126; x_wconf 78' lang='lat' dir='ltr'>syllable</span> <span class='ocrx_word' id='word_1_267' title='bbox 1014 2085 1040 2115; x_wconf 87' lang='lat' dir='ltr'>is</span> <span class='ocrx_word' id='word_1_268' title='bbox 1062 2085 1204 2115; x_wconf 82' lang='lat' dir='ltr'>scanned</span> <span class='ocrx_word' id='word_1_269' title='bbox 1225 2084 1325 2122; x_wconf 87' lang='lat' dir='ltr'>short,</span> <span class='ocrx_word' id='word_1_270' title='bbox 1345 2085 1488 2125; x_wconf 86' lang='lat' dir='ltr'>perhaps</span> 
     </span>
     <span class='ocr_line' id='line_1_52' title="bbox 862 2128 1182 2158; baseline -0.003 0"><span class='ocrx_word' id='word_1_271' title='bbox 862 2139 896 2158; x_wconf 82' lang='lat' dir='ltr'>as</span> <span class='ocrx_word' id='word_1_272' title='bbox 913 2139 931 2158; x_wconf 83' lang='lat' dir='ltr'>a</span> <span class='ocrx_word' id='word_1_273' title='bbox 947 2128 1037 2158; x_wconf 82' lang='lat' dir='ltr'>nasal</span> <span class='ocrx_word' id='word_1_274' title='bbox 1054 2134 1182 2158; x_wconf 83' lang='lat' dir='ltr'>sonant.</span> 
     </span>
    </p>

    <p class='ocr_par' dir='ltr' id='par_1_26' title="bbox 863 2169 1486 2244">
     <span class='ocr_line' id='line_1_53' title="bbox 905 2169 1486 2211; baseline -0.005 -9"><span class='ocrx_word' id='word_1_275' title='bbox 905 2175 951 2202; x_wconf 86' lang='grc'>60.</span> <span class='ocrx_word' id='word_1_276' title='bbox 1002 2172 1248 2207; x_wconf 72' lang='lat' dir='ltr'>quotkalendis</span> <span class='ocrx_word' id='word_1_277' title='bbox 1286 2169 1336 2202; x_wconf 91' lang='lat' dir='ltr'>Cf.</span> <span class='ocrx_word' id='word_1_278' title='bbox 1351 2174 1486 2211; x_wconf 79' lang='lat' dir='ltr'>quotan-</span> 
     </span>
     <span class='ocr_line' id='line_1_54' title="bbox 863 2224 924 2244; baseline -0.016 -1"><span class='ocrx_word' id='word_1_279' title='bbox 863 2224 924 2244; x_wconf 82' lang='lat' dir='ltr'>ms.</span> 
     </span>
    </p>

    <p class='ocr_par' dir='ltr' id='par_1_27' title="bbox 904 2255 1282 2296">
     <span class='ocr_line' id='line_1_55' title="bbox 904 2255 1282 2296; baseline -0.003 -9"><span class='ocrx_word' id='word_1_280' title='bbox 904 2259 952 2287; x_wconf 90' lang='lat'>61.</span> <span class='ocrx_word' id='word_1_281' title='bbox 998 2258 1090 2286; x_wconf 79' lang='lat' dir='ltr'>sacto</span> <span class='ocrx_word' id='word_1_282' title='bbox 1114 2255 1165 2287; x_wconf 84' lang='lat' dir='ltr'>Cf.</span> <span class='ocrx_word' id='word_1_283' title='bbox 1181 2265 1212 2285; x_wconf 82' lang='lat' dir='ltr'>v.</span> <span class='ocrx_word' id='word_1_284' title='bbox 1230 2264 1282 2296; x_wconf 86' lang='lat'>57.</span> 
     </span>
    </p>
   </div>
  </div>
 </body>
</html>
