1583 2507
112 89 155 127 II
180 101 212 137 1,
236 87 461 141 243—264]
644 90 898 128 STJCHVS
1394 102 1436 140 15

112 193 186 232 CR.
245 194 318 239 Au,
350 192 412 229 risi
442 198 480 230 te
509 190 627 230 hodie
655 193 834 230 multum.
915 192 988 230 GE.
1049 191 1222 240 Quando
1255 200 1322 230 aut
1355 205 1434 241 quo

183 298 195 306 a
216 257 256 295 in
285 258 403 295 loco?

112 323 185 362 CR.
247 322 337 367 Hic,
368 335 487 371 quom
517 321 741 360 auctionem
770 321 1022 370 praedicabas
1052 322 1286 369 pessumam.
1386 336 1436 371 90

17 385 91 423 245
111 388 184 426 GE.
245 387 344 434 Eho,

111 465 161 490 an
190 452 404 491 audiuisti?
460 454 534 491 CR.
583 454 642 491 Te<
672 451 830 502 quidem
861 451 1157 500 dignissumam.

112 518 186 556 GE.
245 518 336 564 Quo
376 521 482 555 nunc
527 517 588 556 is?
662 518 737 557 CR.
796 516 860 554 Ad
902 523 949 555 te.
1019 516 1092 553 GE.
1144 515 1251 563 Quid
1297 515 1436 556 uenis?

219 584 292 622 CR.
353 583 585 620 Philumena

109 647 245 698 roga'tre
273 647 382 685 iussit
412 650 531 687 temet
561 662 680 698 opere
709 648 905 693 mdxumo,

110 717 265 751 mecum
295 713 426 752 simitu
456 721 497 751 ut
526 715 598 752 ires
628 715 679 752 ad
708 715 792 752 sese
821 714 997 751 domum.

17 776 91 814 250
110 780 183 817 GE.
243 780 327 828 Ego
356 780 447 816 illuc
477 780 657 817 mehercle
686 781 778 818 ue'ro
808 791 856 817 eo
885 780 1076 828 quantum
1105 777 1220 828 potis.
1386 791 1434 830 95

109 845 238 883 iamne
267 846 353 882 exta
382 852 496 882 cocta
525 847 646 882 sunt?
683 852 779 894 quot
808 844 916 893 agnis
946 845 1117 882 fe'cerat?

110 910 184 950 CR.
244 908 310 946 illei
337 909 498 958 quidem
528 911 678 948 nullum
707 908 964 948 sacruficauit.
1023 910 1097 948 GE.
1149 909 1240 958 Quo
1269 911 1419 948 modo?

109 975 204 1025 quid
231 974 346 1025 igitur
374 987 436 1013 me
465 976 577 1014 uolt?
633 977 708 1014 CR.
757 974 894 1013 Tritici
923 975 1079 1014 modi6s
1110 976 1248 1013 decem

108 1041 242 1090 rogare
271 1039 420 1089 opinor.
481 1041 554 1078 GE.
615 1042 748 1087 Mene,
778 1048 820 1078 ut
848 1042 898 1078 ab
929 1042 1014 1078 sese}
1043 1042 1207 1090 petam?

16 1103 89 1141 255
110 1106 181 1143 CR.
240 1104 371 1143 Immo
401 1113 441 1142 tu
471 1113 513 1143 ut
542 1118 614 1154 aps
642 1114 680 1143 te
710 1108 890 1143 mutuom
920 1106 1035 1143 nobis
1065 1107 1187 1144 dares.

109 1171 181 1208 GE.
241 1170 352 1220 Nega
381 1172 466 1209 esse
495 1171 604 1219 quod
634 1171 725 1208 dem
754 1172 827 1210 nec
856 1170 951 1208 mihi
980 1183 1054 1208 nec
1081 1173 1119 1209 ei
1143 1175 1321 1211 mutuom

108 1247 236 1284 neque
264 1234 359 1274 a'tliut
387 1236 596 1285 quicquam
627 1236 702 1273 nisi
730 1237 807 1274 hoc
835 1236 943 1284 quod
973 1237 1102 1275 habeo
1130 1236 1304 1286 peillium.

108 1300 279 1350 linguaim
309 1314 468 1350 quoque
497 1302 615 1340 etiam
643 1300 806 1339 uendidi
834 1300 1033 1340 dateiriam.

111 1367 183 1405 CR.
241 1368 316 1411 Au,

14 1432 88 1469 260
109 1432 240 1469 nullzin
268 1431 339 1470 tibi
367 1432 564 1482 linguast?
619 1434 692 1471 GE.
740 1433 852 1480 Quae
882 1432 1042 1481 quidem
1070 1433 1178 1472 diceit
1209 1433 1357 1471 ‘dabo'

107 1499 277 1536 ueterem
307 1497 469 1547 reliqui:
508 1499 683 1536 eccillam
713 1510 814 1547 quae
843 1497 947 1536 dicait
979 1499 1126 1536 ‘cedo.⁷

108 1563 183 1602 CR.
243 1564 394 1600 Malum
423 1563 463 1600 ni
492 1563 564 1602 tibi
592 1564 688 1602 dent
850 1562 876 1586 ἕ
1037 1563 1062 1586 *
1224 1562 1250 1587 ’³⁶

108 1627 183 1667 GE.
241 1629 393 1666 Malum
423 1628 583 1678 quidem
613 1628 646 1668 si
674 1627 747 1674 uis,
777 1629 877 1667 haec
906 1629 1045 1666 eadem
1075 1628 1180 1666 dicet
1208 1627 1289 1667 tibi.

109 1692 183 1730 CR.
226 1692 330 1741 Quid
358 1696 492 1732 nune?
534 1693 665 1731 ituru’s
685 1694 734 1731 a'm
756 1695 869 1731 non?
921 1694 995 1732 GE.
1041 1693 1119 1733 Abi
1139 1693 1234 1732 sane
1253 1694 1437 1732 domum:

1362 1120 1436 1144 100

1360 1509 1433 1547 105

151 1814 220 1842 244.
264 1820 473 1849 pessumam.
540 1813 605 1844 GE.
688 1813 734 1844 So

804 1823 865 1844 esse
881 1813 967 1854 quod
984 1813 1054 1843 dem
1078 1813 1172 1851 milti,
1192 1823 1246 1843 nec
1266 1813 1353 1854 quod
1370 1813 1438 1843 uolt

110 1853 246 1885 Ritschl.
297 1862 370 1886 MSS.
408 1855 471 1886 GE.
499 1856 664 1887 Pessuma.

806 1861 954 1886 mutuom
959 1880 965 1887 .

150 1900 219 1928 251.
265 1901 368 1935 agnis
403 1898 453 1929 Cf.
477 1898 575 1939 Verg.
601 1898 674 1929 Ecl.
700 1909 729 1939 3.

110 1947 148 1980 77
161 1950 233 1970 cum
236 1939 368 1981 faciam
381 1941 491 1971 ustula
496 1946 560 1982 pro
561 1941 732 1981 frugibus.

150 1986 219 2014 253.
264 1985 340 2014 uolt
385 1984 493 2015 XVhen
520 1985 602 2015 uelle
622 1994 735 2014 means

111 2025 162 2056 ‘to
177 2024 279 2057 want'
295 2026 320 2057 it
341 2027 433 2057 takes
452 2033 517 2058 two
535 2027 734 2058 accusatives

105 2067 173 2099 like
188 2079 208 2099 a
222 2069 302 2100 verb
318 2070 355 2100 of
366 2070 493 2110 asking.

149 2115 218 2142 255.
264 2114 366 2143 dares
397 2113 462 2143 For
477 2123 570 2143 sense
590 2123 632 2153 go
649 2112 734 2144 back

105 2158 141 2185 to
164 2164 236 2195 249·
281 2154 367 2186 Edd.
399 2156 480 2186 after
504 2156 611 2186 Bothe
636 2155 734 2186 need-

105 2195 202 2237 lessly
217 2197 295 2228 read
309 2198 393 2228 duis.

149 2242 218 2270 256.
263 2242 296 2271 ei
340 2241 473 2272 Iinsert
488 2241 562 2272 this.
594 2241 736 2272 Areads

106 2291 197 2323 nega,
230 2288 295 2314 rest
325 2289 438 2324 negato
444 2295 459 2321 ,·
497 2283 626 2315 Ritschl
659 2294 739 2324 nega

849 1902 916 1930 258.
965 1901 1108 1929 uendidi
1117 1901 1292 1930 datariam
1316 1898 1432 1930 Bothe.

805 1942 837 1972 A
844 1942 1113 1976 uendiditariam,
1122 1942 1148 1972 B
1157 1942 1306 1972 uendidit
1314 1942 1436 1977 ariam,

806 1984 861 2015 the
874 1991 937 2015 rest
951 1985 1183 2016 uenditarz'am.
1229 1986 1237 2000 ‘
1246 1985 1261 2015 Ι
1275 1984 1358 2015 have
1369 1984 1438 2015 also

806 2027 876 2058 sold
900 2037 981 2058 even
1012 2038 1065 2067 my
1093 2034 1215 2068 tongue
1241 2027 1347 2058 which
1371 2027 1437 2057 had

807 2075 841 2101 to
854 2070 897 2100 do
913 2070 993 2101 with
1008 2069 1141 2111 giving.¹

851 2116 922 2144 261.
968 2115 1124 2144 eccillam
1171 2112 1356 2144 Gelasimus
1376 2111 1436 2142 has

803 2155 870 2196 just
886 2161 944 2197 put
961 2161 1018 2187 out
1034 2155 1085 2187 his
1101 2161 1231 2196 tongue,
1252 2155 1439 2196 provoking

806 2198 1004 2230 Crocotium.

852 2245 922 2273 263.
968 2243 1061 2272 dicet
1106 2248 1182 2273 Mss.
1222 2241 1314 2279 dicit,
1346 2239 1436 2271 Edd.

805 2283 906 2316 dabit.
