1583 2507
70 622 144 659 660
166 618 227 654 SA.

71 1208 144 1244 671
166 1204 227 1240 SA.

74 1335 147 1371 668
167 1333 231 1370 SA.

163 74 212 107 42
714 64 828 101 ΗΑ
844 65 944 101 VTJ

1147 63 1199 117 [V
1223 79 1254 112 ²2
1278 68 1486 116 653——673

164 162 328 200 salutem
358 159 429 214 [ei]
458 168 503 199 ut
530 162 730 201 nuntiaret
760 173 877 213 atque
907 165 942 203 ei
972 166 1118 203 diceret
1467 181 1488 219 5

165 240 227 265 me
256 226 374 265 hodie
403 234 621 273 uenturum,
653 236 695 265 ut
725 230 864 266 ce'nam
893 238 1079 278 coqueret
1108 232 1282 279 temperi.

73 298 144 334 655
166 298 223 328 set
251 291 405 329 Stichus
434 299 493 329 est
521 291 585 329 hic
614 291 786 340 quidem.

845 294 909 332 ST.
960 294 1114 342 Fecisti,
1147 308 1221 341 ere,
1253 296 1422 343 facetias,

165 368 284 404 quom
314 357 390 394 hoc
419 356 614 394 donauisti
643 357 751 395 dono
782 366 891 395 tuum
922 360 1077 397 seruom
1108 359 1294 399 Stichum.

164 433 235 469 pro
265 421 305 458 di
333 422 582 467 immortales,
615 422 712 470 quot
741 435 814 472 ego
843 425 1066 472 uoluptates
1096 426 1188 473 fero,

165 495 261 535 quot
289 486 462 530 risiones,
496 486 592 534 qu6t
621 486 741 533 iocos,
773 496 870 537 quot
899 489 1006 527 sauia
1445 504 1493 530 10

166 539 390 589 saltationes
420 551 628 589 blanditias
658 553 911 602 prothymias.

287 617 431 661 suche,
462 617 557 665 quid
585 618 655 654 fit?

720 619 782 656 ST.
833 620 954 669 Euge,
987 619 1182 668 Sagarine,
1215 621 1491 670 lepidissume:

164 682 244 719 fero
273 681 483 719 conuiuam
515 682 736 731 Dionysum
768 683 943 733 mihique
973 686 1011 722 e‘t
1040 685 1119 723 tibi.

164 760 334 796 namque
363 748 505 795 edepol
535 760 633 784 cena
662 748 839 787 coctast:
868 750 977 787 loeus
1006 750 1103 787 libe'r
1131 751 1264 789 datust

163 813 336 860 mihique
357 814 394 850 et
416 812 485 850 tibi
505 820 600 861 aput
621 826 701 851 uos.
747 827 837 850 nam
859 813 954 862 aput
975 827 1047 852 nos
1068 822 1126 852 est
1147 815 1393 855 conuiuium:
1445 827 1488 865 15

164 878 218 916 ibi
248 879 377 916 uo'ster
406 886 521 916 cenat
551 891 640 916 cum
673 881 792 916 uxore
821 880 923 917 adeo
952 886 991 917 et
1024 869 1224 929 Antipho:

273 1145 379 1175 tume
397 1152 403 1174 :

274 1280 381 1316 quor

823 1074 886 1110 SA.
937 1074 1086 1112 Lautus
1129 1088 1226 1113 sum.
1295 1076 1358 1114 ST.

288 1204 457 1251 Seque're
500 1217 590 1253 ergo
634 1204 706 1241 hae
750 1205 841 1242 med
884 1205 996 1243 intro.
1066 1205 1128 1244 ST.

71 947 143 984 665
164 944 310 981 ibidem
340 944 426 981 erus
457 950 514 981 est
543 952 685 981 noster.
737 944 812 982 hoc
841 943 937 981 mihi
966 945 1074 982 dono
1104 946 1289 984 datumst.

71 1014 142 1050 666
165 1010 228 1047 SA.
285 1008 383 1057 Quis
413 1008 625 1046 somniauit
651 1010 819 1047 aurum?
875 1009 937 1046 ST.
989 1009 1094 1056 Quid
1121 1010 1162 1047 id
1188 1010 1238 1048 ad
1265 1017 1303 1048 te
1329 1009 1495 1047 attinet?

72 1081 145 1118 670
165 1072 277 1121 proin
320 1076 362 1111 tu
403 1075 534 1111 lauare
576 1074 753 1122 propera.
1434 1062 1442 1072 ’

1417 1075 1496 1123 Op-

1189 1207 1274 1254 Ego
1308 1204 1402 1243 uer6
1440 1217 1497 1243 se-

1446 1282 1495 1307 20

289 1333 392 1371 Volo
422 1334 597 1372 eluamus
626 1334 746 1372 hodie
775 1334 978 1383 peregrina
1006 1335 1149 1373 omnia.

73 1400 146 1436 669
167 1398 367 1446 relinque:
396 1400 572 1436 Athenas
602 1401 709 1437 minc
738 1400 937 1438 colamus:
968 1403 1129 1449 sequere
1159 1414 1233 1439 me.

169 1464 230 1501 ST.
291 1464 451 1512 Sequor,
483 1465 521 1502 e‘t
552 1465 712 1502 domum
743 1464 923 1502 redeunti
953 1464 1188 1514 principium
1219 1467 1371 1514 placet:

167 1528 274 1566 bona
302 1530 443 1566 seae'ua
470 1536 678 1578 strenaque
707 1529 761 1567 ob
790 1529 895 1567 uiam
925 1531 1092 1568 occessit
1121 1530 1226 1568 mihi.

211 1649 277 1676 660.
306 1647 435 1681 quidfit
449 1648 464 1676 ⁸?
488 1644 800 1686 Likequidagy'tur?

166 1697 197 1718 v.
217 1690 297 1726 52&
322 1687 360 1718 cs.
385 1689 454 1718 Cas.
478 1698 504 1726 3.
526 1687 556 1719 6.
575 1698 604 1729 9.

209 1734 276 1761 664.
325 1732 412 1761 adeo
453 1729 626 1761 ‘Resides’

209 1777 278 1803 665.
312 1775 441 1804 ibidem
457 1782 536 1803 erus
566 1774 599 1804 A
615 1773 797 1814 proceleus-

167 1816 273 1846 matie.
317 1816 362 1847 So
376 1816 420 1852 B;
445 1823 508 1847 rest
521 1816 602 1847 omit
615 1816 697 1846 -dem
713 1827 796 1848 erus.

209 1862 277 1889 666.
327 1858 456 1889 Ritschl
493 1859 587 1889 reads
626 1859 684 1891 SA.
718 1859 804 1900 quid

165 1901 384 1932 somzzz'czslin?
410 1901 467 1933 ST.
489 1902 607 1932 Verum
621 1902 736 1941 [hercle
747 1912 799 1942 ego

165 1944 233 1973 dico
250 1945 315 1973 tibi.
337 1946 339 1980 4
362 1943 423 1983 667
443 1944 502 1976 SA.
524 1945 606 1983 Quis
623 1945 728 1985 zjgilur
742 1945 799 1975 lzoc

166 1986 307 2016 donauit
317 1987 343 2025 .2]
369 1989 425 2017 ST.
439 1988 522 2027 quid
530 1987 567 2017 id
575 1992 611 2017 al
622 1992 650 2017 te
658 1986 799 2018 attinet?

170 2029 225 2059 He
252 2029 320 2059 also
344 2040 455 2060 moves
479 2030 533 2060 the
561 2039 667 2061 verses
690 2029 797 2060 which

167 2071 266 2111 begin
275 2072 351 2101 with
368 2072 439 2102 lf'olo
449 2073 515 2102 and
527 2073 679 2113 relinque,
687 2073 800 2113 giving

868 1646 957 1676 them
970 1646 1035 1676 and
1050 1656 1174 1686 sequere
1187 1657 1258 1686 ergo
1273 1646 1334 1676 hac
1348 1655 1398 1676 me
1408 1646 1497 1676 intro

868 1689 1055 1728 [Sagarim]
1072 1695 1105 1719 to
1119 1688 1261 1725 Stichus,
1275 1689 1340 1719 and
1355 1699 1408 1719 vv.
1420 1688 1492 1729 672,

869 1730 907 1770 67
913 1742 930 1772 3
949 1737 981 1761 to
1004 1731 1190 1772 Sagarinus.
1237 1731 1301 1762 But
1322 1731 1497 1772 Sagarinus

868 1774 979 1804 would
1002 1774 1163 1814 naturally
1179 1774 1253 1804 lead
1269 1774 1324 1805 the
1340 1785 1412 1815 way
1427 1774 1497 1805 into

868 1817 919 1847 his
945 1816 1090 1847 master's
1114 1816 1280 1858 premises.
1326 1817 1415 1847 Note
1441 1817 1498 1848 the

868 1859 975 1890 hiatus
994 1860 1126 1900 Sequere
1143 1869 1224 1899 ergo.
1270 1861 1349 1895 Quis
1372 1862 1496 1890 somni-

869 1905 946 1933 auit,
973 1906 1122 1934 aurum?
1156 1902 1299 1942 Though
1323 1902 1378 1932 the
1404 1902 1497 1943 point

869 1945 896 1976 is
911 1950 968 1975 not
984 1945 1080 1981 clear,
1100 1945 1125 1976 it
1141 1945 1167 1975 is
1184 1945 1248 1975 idle
1265 1951 1298 1976 to
1314 1945 1406 1976 alter.

910 1991 978 2019 673,
1026 1990 1118 2018 bona
1139 1995 1265 2018 scaeua
1303 1987 1353 2018 Cs.
1379 1988 1493 2018 Pseud.

869 2042 898 2068 4.
918 2039 945 2069 7.
964 2041 1004 2069 40
1021 2030 1100 2060 hona
1120 2040 1233 2060 scaeua
1250 2033 1296 2060 est
1314 2030 1406 2060 milti.
1455 2032 1498 2061 ob

869 2074 967 2103 uiam
1004 2072 1049 2103 So
1065 2072 1151 2103 Edd.
1199 2080 1272 2103 MSS.
1289 2072 1428 2103 obulum.
