1583 2507
106 85 148 122 II
175 98 205 131 1,
233 82 457 136 195—220]
640 85 894 123 STJCHVS
1387 99 1430 133 ¹3

16 189 88 226 195
105 188 236 237 itaque
265 186 489 225 affictionem
519 186 752 236 praedicem,
788 185 873 235 ipse
907 192 949 223 ut
978 185 1188 224 uenditem.

107 253 183 291 CR.
244 251 325 289 Hic
352 251 454 289 illest
482 252 672 301 parasitus
701 264 819 300 quem
849 250 1073 288 arcessitum
1103 251 1219 288 missa
1253 263 1361 290 sum:

107 331 207 368 quae
237 316 410 366 ldquitur
438 318 669 355 auscultabo
698 315 802 366 prius
832 328 952 364 quam
981 315 1206 364 c6nloquar.

105 383 179 420 GE.
239 382 304 420 Set
334 381 476 420 cliriosi
505 385 596 420 Slint
626 381 690 419 hic
719 382 940 429 complures
969 379 1081 425 1nali‚·

104 445 250 484 alienas
280 446 344 496 qui
374 459 434 485 res
463 450 601 485 crirant
630 446 760 485 studio
791 444 985 492 maxumo,
1382 460 1430 495 45

13 516 88 555 200
105 511 246 560 quibus
276 511 369 561 ipsis
399 513 542 550 nullast
571 514 629 551 res
661 524 778 561 quarn
808 512 1017 560 procurent
1051 523 1129 549 sua.
1382 514 1431 558 46

102 577 138 613 ei
163 576 322 625 quando
351 589 470 625 quem
500 576 724 615 auctidnem
752 577 945 614 facturam
976 575 1114 623 sciunt,
1383 589 1429 624 47

103 641 259 688 aderint,
292 642 519 690 perquirunt
548 643 644 692 quid
674 641 746 680 siet
775 653 936 678 caussae
965 641 1079 680 ilico:
1383 644 1432 687 48

103 706 240 745 uxdrin
269 707 318 745 sit
345 707 552 746 reddlinda
581 708 653 746 dos
682 705 877 745 diudrtio:
1383 718 1433 755 50

103 772 272 810 alienum
301 784 367 810 aes
396 780 510 820 cogat
539 771 589 810 an
619 772 759 821 pararit
788 770 1003 821 praedium.
1381 786 1432 822 49

12 847 86 884 205
102 850 158 874 eos
187 836 313 874 dmnis
344 844 422 874 tam
454 837 526 875 etsi
555 839 685 876 hercle
715 838 810 875 hant
839 836 1021 887 indignos
1050 836 1181 875 indico

103 903 169 952 qui
199 902 365 939 nniltum
394 901 526 940 miseri
555 901 613 940 sat
642 904 832 949 laborent,
864 903 920 940 nss
948 915 1087 940 moror.

104 966 233 1005 dicam
261 966 455 1005 affictionis
485 970 676 1013 emissam,
707 975 750 1005 ut
778 967 925 1005 damno
953 968 1177 1017 gafideant:

105 1043 196 1068 narn
226 1031 400 1070 cliriosus
429 1033 585 1070 nemost
614 1031 708 1081 quin
739 1032 786 1070 sit
815 1031 1041 1071 maleuolus.

105 1094 206 1149 [ipse
234 1098 389 1145 egomet
418 1098 670 1146 quamobrem
700 1097 925 1136 arictionem
955 1095 1209 1150 praedicen1‚]
1382 1110 1428 1148 55

105 1163 252 1200 damna
280 1164 496 1201 euenerunt
524 1163 719 1210 maxuma,
753 1160 876 1215 [heu‚]
906 1161 1048 1200 miser6
1078 1162 1170 1199 mihi

14 1232 88 1269 210
104 1228 158 1266 ita
186 1229 248 1266 me
277 1228 489 1276 mancupia
517 1228 702 1265 miserum
731 1229 960 1266 adfecert‘mt
989 1228 1116 1265 male:

103 1293 325 1343 potationes
354 1294 557 1342 phirumae
591 1292 844 1331 demdrtuae:

104 1365 199 1406 quot
228 1356 329 1395 adeo
359 1370 479 1396 cenae
509 1358 604 1406 quas
635 1357 777 1395 defleui
806 1357 994 1401 mdrtuae,

104 1429 202 1471 quot
229 1422 411 1472 p6tiones
440 1422 566 1468 mmsi,
598 1430 694 1470 quot
723 1423 816 1461 item
846 1422 1021 1472 prandia,
1381 1425 1432 1461 60

104 1499 204 1536 quae
232 1487 332 1526 inter
360 1487 589 1525 continuom
619 1489 771 1537 perdidi
801 1488 1020 1527 triennium.

14 1563 86 1600 215
104 1566 197 1602 prae
227 1554 400 1591 mae'rore
428 1553 529 1591 adeo
558 1554 675 1591 miser
702 1561 820 1602 atque
849 1552 1092 1602 aegritddine

104 1618 320 1657 consenui:
359 1631 484 1668 paene
514 1622 599 1656 snm
630 1620 733 1656 fame
762 1617 1002 1656 dem6rtuos.

105 1682 179 1720 CR.
239 1682 444 1721 Ridiculus
473 1696 597 1732 aeque
626 1684 772 1721 millust
804 1681 956 1735 [quam]
986 1685 1145 1732 quando
1180 1681 1308 1721 e'surit.

106 1747 179 1784 GE.
240 1747 358 1785 Nunc
386 1748 608 1786 affictionem
639 1749 765 1786 facere
795 1749 1032 1786 decrettimst
1061 1747 1181 1787 mihi:
1381 1749 1428 1797 65

105 1810 205 1849 foras
234 1820 478 1851 necessumst
507 1813 700 1862 quidquid
729 1814 856 1851 habeo
885 1814 1066 1851 ue'ndere.

15 1882 89 1919 220
105 1878 239 1915 adeste
267 1877 400 1916 sultis:
431 1879 574 1927 praeda
604 1878 672 1916 erit
701 1878 974 1927 praesentium.

147 1977 218 2006 195.
264 1974 313 2006 As
335 1975 519 2006 Gelasimus
536 1975 562 2005 is
578 1974 733 2015 finishing

105 2016 171 2048 this
184 2017 252 2048 first
262 2023 334 2058 part
345 2018 382 2048 of
393 2018 442 2048 his
458 2018 632 2059 soliloquy,
653 2018 731 2049 Cro-

105 2060 229 2091 cotium
250 2065 359 2091 enters
379 2070 416 2091 so
438 2061 507 2091 that
523 2061 564 2091 he
581 2062 660 2091 does
676 2066 734 2091 not

106 2113 159 2133 see
184 2103 253 2140 her,
276 2104 341 2134 and
372 2104 491 2144 speaks
515 2104 548 2134 in
574 2114 615 2134 an
641 2103 731 2134 aside

108 2145 205 2177 while
217 2146 259 2176 he
272 2147 365 2177 takes
380 2147 495 2177 breath
514 2148 561 2184 (as
580 2147 636 2177 she
653 2147 733 2177 does

107 2198 139 2219 v.
160 2188 247 2229 217).

150 2233 219 2262 206.
259 2234 316 2262 sat
354 2231 493 2262 Ritschl.
526 2232 558 2262 A
573 2236 663 2268 sunt,
679 2231 736 2262 the

107 2278 171 2304 rest
186 2274 264 2304 sint.

844 1979 912 2006 208.
960 1975 1056 2006 After
1078 1976 1142 2007 this
1166 1987 1257 2008 verse
1283 1978 1326 2008 all
1354 1986 1430 2009 MSS.

803 2024 920 2059 except
938 2020 968 2049 A
986 2019 1088 2050 insert
1106 2020 1161 2050 the
1177 2030 1268 2051 verse
1280 2020 1431 2052 enclosed

802 2061 836 2092 in
853 2062 1015 2092 brackets.

846 2107 915 2135 213.
964 2106 1050 2135 item
1089 2105 1177 2143 Bfix,
1203 2113 1278 2137 MSS.
1297 2112 1415 2136 aulem.

845 2150 914 2177 216.
946 2149 1038 2178 fame
1054 2149 1253 2179 demortuos
1292 2149 1430 2180 Ritschl.

804 2196 882 2220 MSS.
889 2189 1010 2231 samad
1022 2196 1194 2221 emorlzms.

846 2235 916 2263 217.
961 2240 1068 2270 quam
1086 2233 1245 2275 Supplied
1261 2233 1303 2276 by
1317 2235 1431 2265 Came-

805 2275 917 2305 rarius.
